2872 4852
706 1326 756 1422 Ι.

221 1565 252 1633 1.
282 1562 434 1633 Primum
453 1564 603 1634 omnium
621 1562 795 1633 breuem
813 1559 981 1650 quendam
999 1559 1161 1650 proposui
1180 1578 1337 1648 uocum,

112 1719 201 1790 quae
243 1699 279 1769 in
319 1719 461 1789 corpore
495 1700 699 1788 scriptomm
734 1716 794 1768 sex
828 1717 860 1786 q.
896 1696 928 1768 d.
963 1696 1129 1769 historiae
1161 1695 1341 1787 Augustae

111 1842 312 1928 comparent
351 1833 519 1911 novitiae.
578 1834 741 1910 Nouioias
780 1839 894 1906 autem
934 1832 1010 1904 dieo
1050 1852 1118 1905 non
1152 1851 1236 1923 quas
1267 1837 1341 1904 tum

113 1973 250 2044 demum
278 1972 354 2064 (sub
387 1973 492 2044 seculi
518 1971 568 2043 IV
595 1969 745 2060 initium)
779 1969 979 2060 prouenisse
1005 1988 1123 2041 omnes
1148 1968 1253 2040 uelim
1280 1989 1340 2041 ex-

118 2109 272 2198 istimari,
302 2108 426 2197 nedum
453 2110 495 2180 ab
524 2108 600 2180 istis
627 2107 852 2197 scriptoribus
877 2106 1045 2197 inuentus,
1075 2104 1136 2176 sed
1159 2124 1228 2195 eas,
1257 2124 1340 2196 qua-

113 2265 190 2316 rum
217 2244 448 2335 antiquissimi
475 2244 518 2316 ad
545 2266 606 2315 nos
633 2249 741 2317 testes
767 2250 869 2335 atque
895 2247 1051 2315 auotores
1069 2240 1125 2313 uel
1142 2241 1234 2311 inter
1252 2241 1341 2312 anti·

112 2383 299 2472 quissimos
333 2381 515 2472 (siquidem
542 2403 609 2453 non
636 2402 771 2472 semper
803 2382 860 2471 qui
888 2399 972 2471 quos
1000 2382 1113 2450 aetate
1140 2376 1344 2450 antecedant

113 2518 246 2608 liquido
273 2519 420 2608 constat)
447 2520 505 2590 isti
532 2518 715 2592 uideantur
741 2538 826 2593 esse.
881 2515 993 2589 Voces
1020 2514 1148 2606 digessi
1174 2533 1238 2602 por
1262 2512 1342 2584 lite-

114 2674 192 2744 ras,
219 2693 269 2706 -
297 2674 441 2745 genera,
478 2656 510 2725 h.
541 2677 569 2726 e.
599 2657 814 2728 nomina-
840 2653 896 2724 uel
922 2651 1138 2724 substantiua
1164 2648 1221 2720 uel
1248 2647 1342 2721 adia-

120 2790 210 2860 otiua
239 2830 307 2881 -‚
344 2792 466 2880 uerba,
503 2791 683 2882 adnuntia,
718 2790 887 2880 separani.
942 2786 978 2857 Si
1011 2807 1095 2876 quas
1128 2786 1243 2875 reoepi
1275 2806 1344 2859 non

118 2927 193 3016 ipsa
224 2926 336 3018 figura
368 2947 489 3016 nouas,
526 2928 586 2999 sed
613 2928 702 3018 loco,
739 2947 805 3016 quo
834 2925 901 2995 iam
928 2921 1113 3010 habentur,
1148 2919 1257 2991 ueluti
1283 2919 1344 2992 ad·

117 3063 245 3135 ieotiua
270 3062 326 3134 uel
353 3064 535 3153 participia
561 3065 635 3136 louo
653 3062 955 3150 substantiuorum,
982 3034 1037 3130 his
1055 3056 1220 3130 asterioos
1238 3076 1343 3149 appo-

119 3201 184 3273 sui.
237 3199 346 3272 Porro
380 3201 409 3271 si
443 3221 527 3291 quas
560 3200 615 3270 hio
649 3219 772 3272 uoaum
797 3197 953 3271 formas
980 3196 1195 3287 aliquatenus
1222 3214 1243 3266 a
1268 3193 1344 3266 uul-

123 3342 203 3426 gata
228 3336 431 3408 dissidentes
457 3337 643 3428 antioipaui
674 3337 766 3429 (nam
793 3335 835 3407 de
861 3334 988 3407 talibus
1014 3331 1157 3404 inferius
1184 3351 1245 3408 suo
1271 3331 1346 3402 loco

122 3470 276 3565 agetur),
318 3473 380 3544 has
420 3493 553 3564 quoque
586 3477 668 3544 nota
699 3470 788 3566 (>)
829 3471 966 3562 appiota
997 3468 1151 3541 distinxi.
1184 3467 1285 3540 Lati

122 3628 223 3703 noces
263 3610 485 3699 insequentur
524 3609 727 3700 graeoaniea
764 3607 947 3698 uocabula,
988 3624 1132 3696 quorum
1172 3605 1207 3675 in
1240 3604 1348 3676 latina

122 3745 346 3838 linguatum:
373 3766 453 3818 usus
480 3751 586 3818 testes
614 3764 689 3817 esse
715 3745 824 3818 nostri
850 3742 1045 3815 uideantur.

176 4017 488 4116 Adltgurro'lo'o:
517 4017 663 4109 Capitol.
691 4017 836 4090 Macrin.
864 4015 965 4107 15‚2
994 4011 1256 4107 (Heliogabalus
1281 4012 1346 4083 im-

125 4153 274 4248 perium)
301 4153 504 4225 dedecorasti
530 4157 620 4225 verton
646 4151 851 4248 degentibus,
879 4150 1011 4221 lusorie
1037 4146 1237 4241 turpitudine
1263 4145 1348 4217 ollo-

123 4295 310 4386 gurm'to'oae
333 4289 410 4363 rell.

1131 4414 1144 4464 l
