2872 4852
573 259 856 334 -rsr-

106 480 135 515 an
145 461 325 515 irrationaliter
336 461 456 526 affictum,
474 469 562 529 utpote
575 462 743 529 pertinentiae
754 480 803 514 non
816 461 956 529 originalis,
975 463 1020 515 sad
1038 461 1131 513 finalis:
1151 463 1328 529 pulmonaceus

107 548 167 616 Veg.
188 556 241 603 net.
263 547 376 599 rediculo
398 546 433 614 (h.
453 565 475 601 e.
492 547 531 598 od
547 546 688 615 pulmonem
707 548 808 610 efficax,
831 547 849 601 i.
869 565 891 601 e.
910 548 1060 615 pertinens).
1095 547 1160 599 Nam
1178 551 1244 616 quod
1262 552 1328 616 App.

107 633 163 686 liet
180 633 213 696 V,
234 632 269 686 26
292 650 312 687 a.
335 633 353 686 f.
394 632 552 685 Hildebrand
573 634 674 701 scripsit
687 634 825 699 forreodia
848 632 983 701 (nuptiis),
1004 634 1030 685 id
1052 636 1168 687 uocabuli
1190 642 1327 687 monstrum

106 718 201 770 minime
217 718 350 771 ferendum
368 727 420 780 est,
445 719 494 771 imo
512 737 543 772 er
561 720 632 774 codd.
651 720 720 773 lectt.
738 730 822 771 arreot
839 720 889 781 lis,
912 720 1048 771 crrenticist
1067 721 1204 774 eruendum
1221 720 1269 771 fuit
1287 719 1329 771 uel

99 805 217 870 forr-totis
235 806 277 857 nel
285 806 452 872 fancotioiis,
472 834 505 843 —-
527 807 552 858 h.
571 824 593 860 e.
613 806 816 858 confarreationis
839 806 889 858 ritu
907 806 1050 858 conciliatis.
1071 836 1101 844 —
1126 807 1234 858 Perinde
1253 811 1328 872 etque

107 921 132 930 -
152 892 224 944 acius
242 891 313 944 finita
332 892 407 943 etiam
426 893 451 943 in
471 891 584 942 -a'oc'us
603 892 729 958 complura
748 892 897 960 significant,
916 909 964 958 quo
983 909 1014 942 er
1032 910 1116 944 rerum
1127 908 1222 958 genere
1234 890 1329 956 aliquid

53 1002 55 1007 ¹
106 977 143 1029 nel
159 977 306 1044 prouenerit
323 977 365 1028 uel
383 977 523 1029 constiterit
540 978 602 1042 (uel,
621 977 680 1028 item
698 984 726 1027 ut
744 977 796 1039 illa,
814 995 864 1044 quc
882 977 998 1029 affectum
1012 977 1062 1043 sit).
1086 976 1128 1029 Sic
1146 976 1253 1043 rapicins
1266 975 1328 1028 Cato

105 1062 217 1129 (semen),
242 1062 376 1114 cinericius
394 1062 475 1114 Varro
494 1061 594 1129 (terra),
617 1062 757 1125 latericius,
780 1062 908 1126 craticius,
931 1062 1050 1124 lenicius,
1073 1063 1191 1131 puniceus
1214 1061 1328 1130 (Plane),

53 1132 55 1137 ¹
105 1147 236 1214 prnnicius‚
254 1147 427 1198 sarmenticios
446 1145 509 1214 (Col.
528 1146 608 1214 cinis),
628 1177 660 1184 -
679 1147 714 1199 sic
732 1148 798 1215 apud
816 1157 913 1200 nostros
930 1148 1028 1200 nouicia
1045 1148 1240 1215 cespiticius,
1258 1147 1327 1214 psl·

53 1292 55 1301 Ι
95 1233 206 1295 licius,
230 1233 377 1294 toficios,
401 1251 440 1301 ap.
460 1233 529 1300 Sulp.
547 1233 634 1286 Seuer.
652 1234 781 1300 palmicius
804 1233 925 1302 (sporta);
945 1263 977 1272 -
1000 1253 1075 1302 porro
1097 1233 1280 1286 stramenticius
1298 1233 1328 1286 B.

103 1318 173 1388 llisp.
193 1319 238 1381 16,
261 1320 279 1370 2
300 1336 374 1370 cosae
397 1319 432 1384 (ιι.
451 1336 474 1369 e.
492 1319 634 1370 stramentis
652 1327 745 1381 tectae,
769 1319 785 1372 i.
804 1337 826 1372 e.
844 1320 961 1383 affectae,
985 1321 1015 1372 cf.
1034 1321 1107 1372 Caes.
1124 1320 1152 1371 B.
1172 1319 1203 1371 G.
1221 1318 1253 1380 V,
1277 1319 1328 1386 43),

104 1404 234 1472 tegnlicius
253 1406 338 1464 inser,
357 1412 390 1465 et,
409 1403 488 1456 forma
506 1404 609 1456 assimili
627 1404 653 1456 in
672 1406 792 1467 -ucius,
815 1406 952 1472 pannucius
971 1406 1073 1474 (-eus)
1091 1405 1116 1459 h.
1135 1422 1157 1458 e.
1177 1405 1265 1472 pannis
1283 1405 1328 1457 ob-

102 1489 172 1543 situs.
210 1489 308 1542 Eodem
325 1506 421 1557 genere
440 1490 624 1555 significantiae
642 1507 718 1557 porro
736 1499 763 1542 et
779 1492 826 1542 hoc
845 1491 993 1553 continetur,
1018 1491 1085 1558 quod
1103 1492 1222 1541 denotare
1240 1490 1328 1541 eadem

102 1575 195 1637 ualent,
213 1593 264 1642 qua
281 1593 312 1627 ex
331 1592 359 1626 re
376 1575 449 1642 quasi
467 1574 623 1627 coeffectrics
641 1575 735 1642 aliquid
753 1576 847 1627 editum
866 1578 908 1639 sit,
931 1585 959 1627 ut
975 1576 1110 1628 canalicius
1129 1575 1194 1626 Plin.
1213 1574 1329 1641 (aurum),

102 1660 247 1729 artoptioius
264 1660 300 1714 id.
320 1659 425 1727 (panis),
448 1660 593 1712 clibanicius
610 1660 671 1714 Isid.
691 1659 789 1728 (panis).
825 1662 902 1728 Atqui
920 1662 994 1713 latius
1011 1668 1091 1730 patet,
1109 1669 1137 1711 ut
1153 1659 1329 1727 praediximus,

102 1745 147 1797 loc
165 1744 380 1808 inclinamentum,
400 1746 531 1812 signatque
549 1745 656 1807 omnino,
676 1764 724 1813 quo
742 1747 796 1798 siue
815 1764 897 1798 rerum
915 1748 979 1798 siue
993 1765 1190 1812 personarum
1208 1763 1329 1814 agenore

103 1831 193 1899 sliquid
216 1832 272 1884 siue
297 1832 367 1885 reale
388 1833 453 1883 siue
475 1833 599 1884 actuale
622 1833 656 1884 sit
677 1833 859 1900 proiecticiam,
883 1851 964 1899 quoue
981 1834 1119 1900 pertineat,
1143 1842 1169 1884 ut
1188 1833 1223 1883 ito
1240 1834 1329 1892 dicam,

103 1916 235 1985 originitus
258 1918 300 1968 uel
323 1917 464 1969 causaliter.
499 1917 622 1970 Nimirum
645 1918 828 1972 aedilicium
851 1928 890 1970 est
912 1919 1032 1986 quidquid
1056 1921 1087 1970 ab
1107 1918 1232 1971 aedilibus
1249 1919 1328 1986 profi·

104 2000 202 2054 ciscitnr
219 2019 339 2054 eorumne
356 2011 397 2054 est
414 2005 545 2069 potestatis
564 2003 671 2070 (munus,
690 2005 806 2065 edictum,
825 2002 943 2072 largitio),
961 2013 987 2054 et
1004 2004 1134 2056 aedilicius
1153 2004 1183 2064 is,
1202 2003 1245 2069 qui
1257 2003 1328 2054 aedi·

105 2087 173 2145 litate
190 2088 293 2140 functus
311 2096 362 2149 est,
385 2089 434 2141 iam
457 2090 510 2157 ipse
529 2096 567 2140 est
585 2089 679 2149 fluctum
698 2118 729 2127 —
749 2089 940 2140 famulicium
964 2097 1004 2140 est
1026 2097 1056 2139 et
1079 2088 1159 2139 omnis
1181 2087 1328 2139 famulorum

103 2173 197 2226 finctio
214 2173 300 2240 (Paul.
320 2173 390 2228 Diae.
408 2192 428 2228 s.
447 2174 482 2241 u.)
506 2185 536 2226 et·
559 2177 599 2240 (ut
617 2176 683 2241 apud
701 2177 812 2240 nostros)
837 2176 891 2242 ipse
913 2175 1061 2226 famulorum
1085 2192 1148 2241 grex
1167 2173 1268 2241 (quippe
1287 2175 1329 2240 qui

104 2266 226 2312 constet
237 2258 355 2328 famulis),
374 2259 406 2313 cf.
425 2260 568 2321 seruicium,
587 2260 694 2312 anicium
712 2261 790 2327 App.;
805 2290 835 2298 -
854 2260 952 2328 patricii
971 2269 1028 2312 sunt
1046 2261 1088 2327 qui
1107 2260 1219 2327 patribus
1231 2259 1328 2311 oriundi

104 2350 202 2410 potrum
211 2344 237 2397 h.
249 2361 271 2397 e.
282 2343 437 2412 optimatium
450 2345 537 2413 stipsi
549 2346 603 2397 loco
616 2363 645 2397 ac
656 2362 751 2411 genere
761 2346 894 2406 habentur,
906 2374 938 2383 -
951 2355 977 2398 et
989 2346 1103 2398 similiter
1115 2345 1240 2397 nouitium
1253 2353 1292 2396 ost
1303 2344 1329 2396 id

104 2429 197 2494 quoda
213 2429 287 2482 nouis
300 2437 338 2480 est
351 2429 412 2495 (uel,
425 2438 454 2481 ut
466 2430 532 2485 Geli.
546 2431 601 2490 Vll,
614 2432 639 2492 5,
651 2433 669 2481 4
681 2431 725 2491 nit,
743 2432 811 2498 quod
828 2450 843 2482 a
861 2449 924 2483 nouo
943 2432 1036 2483 dictum
1054 2431 1266 2496 inclinatumque),
1285 2431 1329 2482 sed

104 2512 176 2566 etiam
198 2514 226 2565 id
249 2514 315 2581 quod
337 2531 428 2566 nouum
451 2523 491 2566 est
511 2515 644 2567 functionis
667 2511 727 2568 suae
746 2515 787 2568 uel
805 2518 903 2568 omnino
921 2518 988 2584 quod
1005 2517 1134 2569 nouissimi
1152 2525 1192 2568 est
1211 2516 1329 2584 temporis

106 2597 139 2663 (ιι.
147 2599 279 2666 mancipia,
290 2607 417 2666 quaestus,
428 2601 542 2669 colores),
552 2601 588 2652 ita
598 2609 625 2652 ut
637 2601 669 2652 ad
682 2602 747 2652 idem
760 2603 939 2669 propemodum
948 2603 1040 2653 euadat
1049 2603 1115 2668 quod
1125 2610 1165 2654 est
1174 2601 1282 2652 ‘nouum'
1292 2602 1331 2667 (ut

105 2685 222 2752 patricius
241 2707 274 2731 =
292 2687 384 2753 pater).
419 2687 491 2738 Talia
508 2694 565 2737 sunt
583 2703 657 2752 porro
676 2686 830 2747 tribunicius,
852 2687 1016 2752 praetoricius
1034 2689 1138 2750 (corona
1156 2686 1243 2746 Mart.;
1262 2715 1294 2725 -
1313 2687 1329 2738 i.

107 2789 131 2838 q.
143 2773 182 2824 uir
199 2773 340 2840 praetorius
352 2773 445 2839 inser.),
464 2772 644 2841 quaestoricius
662 2771 745 2833 inser,
765 2772 943 2838 augustalicius
960 2772 1045 2830 inser,
1058 2771 1220 2822 curatorioius
1233 2771 1260 2824 0.
1274 2771 1329 2833 'th

108 2885 138 2894 --
155 2857 313 2926 gentilicius,
331 2859 476 2919 sodalicius,
495 2856 651 2925 pastoricios.
688 2856 808 2909 Seorsum
825 2857 940 2908 habenda
957 2873 1013 2907 osse
1031 2856 1150 2907 uidentur
1167 2873 1210 2918 ea,
1233 2873 1297 2922 quae
1315 2875 1331 2907 a

107 2944 254 3010 quibusdam
272 2945 404 2997 adiectiuis
422 2946 447 2996 in
467 2945 555 3005 -alis,
574 2943 657 2995 -aris
676 2944 714 3008 (ut
730 2944 880 3010 compitalia,
897 2940 1037 3009 sigillaria),
1062 2941 1107 2992 sod
1125 2943 1174 2993 iam
1191 2943 1329 2994 substanti-

107 3030 156 3083 uati
173 3037 298 3099 potestate
316 3029 410 3081 indutis
429 3029 590 3099 (compitalia,
609 3029 739 3098 sigillaria)
760 3028 878 3082 inclinata
895 3035 953 3079 sunt
970 3027 995 3078 in
1014 3027 1101 3078 -cius
1119 3027 1215 3093 (forsan
1234 3028 1330 3094 eupho-

107 3115 159 3168 nioe
171 3133 217 3185 pro
230 3116 306 3183 -cusl,
319 3145 352 3155 -
365 3134 429 3183 quae
447 3118 479 3170 ad
497 3135 559 3177 rem,
577 3135 650 3184 quam
663 3116 825 3183 primitiuum,
843 3113 998 3167 substantioe
1011 3121 1149 3181 acceptum,
1168 3115 1330 3175 demonstrat,

105 3200 246 3269 significant
263 3201 438 3268 pertinentiam
463 3201 633 3271 (compitalicii
649 3202 704 3254 ludi
721 3223 755 3248 =
773 3201 813 3253 od
829 3200 978 3269 Compitalia
995 3200 1160 3267 pertinentes,
1183 3202 1208 3252 in
1227 3199 1328 3269 Compi·

107 3284 191 3338 talium
209 3286 301 3338 festino
319 3286 462 3354 commissi),
480 3316 513 3325 —
532 3305 587 3340 cum
605 3288 692 3340 eodem
710 3295 793 3340 autem
811 3288 946 3355 primitiuo,
969 3287 1092 3338 sdiectiue
1110 3295 1221 3353 accepto,
1240 3304 1329 3355 prope·

106 3373 203 3426 modum
226 3381 366 3440 congruunt
387 3373 569 3440 significatione
592 3373 784 3441 (compitalicius
802 3395 836 3419 =
858 3372 1010 3441 compitalia,
1036 3400 1066 3409 -
1090 3371 1215 3424 uenalioia
1236 3371 1329 3424 familia

106 3456 162 3528 Dig.
181 3480 215 3505 =
232 3458 328 3511 uenalis
345 3458 439 3511 familia
457 3459 553 3526 Quint.)
559 3495 567 3521 ,
589 3459 625 3510 ita
642 3458 755 3528 quidem,
778 3468 807 3511 ut
828 3460 850 3511 si
874 3467 900 3512 et
922 3460 978 3526 ipsa
995 3456 1151 3509 substantiue
1168 3467 1329 3527 usurpentur,

105 3543 152 3596 iam
174 3544 242 3596 idem
265 3544 328 3596 adeo
346 3545 441 3611 possint
458 3544 557 3604 ualere,
580 3543 647 3610 quod
665 3544 818 3612 primitiunm
841 3545 1011 3603 substantioe,
1033 3541 1113 3593 ueluti
1136 3541 1330 3609 sigillaricia

105 3630 169 3697 apud
187 3628 350 3698 spartianum
368 3637 426 3681 sunt
443 3630 460 3682 i.
477 3647 501 3696 q.
520 3628 642 3696 sigillaria
665 3630 732 3696 apud
750 3629 878 3682 Senecam.
913 3627 1062 3681 Huiusmodi
1085 3635 1143 3679 sunt
1164 3645 1240 3695 porro
1262 3628 1328 3680 riua-

104 3712 173 3767 licins
191 3715 261 3769 fest.
279 3716 320 3766 lex
340 3715 384 3780 (=
401 3715 433 3767 ad
451 3714 545 3767 riuales
564 3714 712 3782 pertinens),
730 3709 883 3782 sputalicius,
901 3714 1025 3782 palilicius
1043 3706 1109 3765 Plin‘.
1128 3712 1205 3774 sidus,
1218 3741 1252 3752 -
1269 3714 1329 3765 item

104 3801 195 3853 nostris
213 3818 312 3868 quoque
330 3809 451 3868 usurpata
468 3801 643 3853 natalicius
662 3801 745 3866 (ludi),
764 3801 1004 3860 saturnalioius,
1022 3799 1151 3865 isdemque
1169 3800 1256 3868 primis
1273 3816 1328 3866 ge·

104 3887 267 3939 nitalicius
286 3887 359 3954 (ludi)
378 3887 494 3953 quodque
516 3886 592 3953 paulo
616 3894 674 3937 anto
698 3885 770 3951 tetigi
793 3885 1018 3951 sigillaricium
1040 3885 1129 3951 hisque
1148 3885 1329 3954 significatione

104 3978 176 4024 tenus
195 3971 275 4038 parile
294 3988 351 4024 esse
369 3971 470 4024 uidetur
487 3971 659 4023 elementicius
676 3971 743 4022 'l'ert
763 3970 800 4035 (id
816 3971 882 4036 quod
901 3971 940 4020 ad
955 3971 1079 4023 elementa
1097 3971 1213 4037 pertinet,
1231 3971 1257 4022 in
1275 3970 1328 4022 ele·

104 4058 195 4109 mentis
212 4057 270 4121 est).
288 4086 321 4095 -
341 4057 495 4109 Verbalio
513 4058 537 4109 in
556 4058 651 4109 -icius
670 4074 725 4109 cum
743 4064 770 4107 et
787 4055 842 4122 ipsa
859 4057 1033 4108 contineantur
1050 4055 1151 4124 propria
1169 4056 1213 4106 illa
1230 4073 1258 4108 ao
1276 4056 1328 4122 pri·

104 4142 198 4204 mitius,
219 4160 292 4209 quam
311 4144 427 4211 superius
444 4144 623 4204 iudicauimus,
647 4142 720 4193 huius
738 4140 910 4193 inclinamenti
927 4141 954 4191 ui
972 4157 1001 4192 ac
1018 4141 1115 4193 ratione
1132 4141 1258 4208 generali,
1276 4151 1328 4194 tum

104 4227 228 4295 quaedam
246 4245 331 4282 eorum
349 4231 424 4282 etiam
443 4230 585 4297 specialiter
603 4227 844 4280 denominatiuorum
861 4235 1000 4292 sequuntur
1017 4227 1152 4278 rationem:
1169 4244 1227 4278 nam
1240 4228 1329 4279 utiam

104 4317 155 4369 (lic.
174 4316 404 4370 conuenticiam
426 4318 586 4385 pecuniam
609 4333 664 4368 eam
687 4331 751 4382 quae
774 4316 805 4365 ot
824 4323 973 4367 conuentum
991 4314 1096 4366 soluitur
1113 4313 1198 4365 dicere
1215 4315 1330 4375 tentauit,

103 4384 134 4446 τὸ
156 4384 386 4468 ἐκκλησιαστικόν
409 4404 590 4470 interpretatus
608 4401 665 4468 (nisi
683 4402 749 4453 forte
766 4417 815 4453 non
833 4400 865 4451 ab
884 4399 938 4466 ipso
956 4400 1045 4458 uerbo,
1070 4399 1114 4449 sed
1133 4416 1148 4451 a
1166 4401 1243 4451 subet.
1263 4407 1328 4452 ‘con-
