2872 4852
882 841 886 850 .
902 841 907 854 .
921 819 953 852 ex
972 803 1038 854 inmo
1056 803 1117 855 dare
1135 805 1216 855 lucem
1228 843 1255 857 ..

208 1116 320 1199 ‘Vitas
348 1129 551 1199 diuersorum
572 1133 762 1222 principum
788 1132 821 1200 at
845 1132 1060 1225 tpruuuorum
1086 1154 1108 1201 u
1133 1130 1163 1201 d
1190 1129 1358 1202 Hadriumo

122 1305 231 1377 usquc
249 1281 296 1352 ud
311 1280 541 1353 Numerianum
566 1281 746 1352 udirmrsc'a
771 1283 981 1376 compositus,
1008 1290 1203 1376 temporum
1219 1284 1358 1376 linguae

129 1440 392 1508 monumentum
425 1435 571 1527 simplex
604 1456 645 1507 ac
670 1436 858 1528 sincerum,
894 1437 954 1508 diu
986 1459 1027 1510 ac
1060 1439 1179 1511 sedulo
1212 1437 1360 1509 tractaui

127 1591 367 1680 pernestigaui
401 1590 552 1681 excussi,
587 1612 656 1662 non
690 1610 731 1663 eo
765 1591 924 1682 consilio,
953 1597 1161 1682 uteorum,
1197 1593 1257 1682 qui
1282 1589 1360 1663 illas

131 1747 356 1835 scripserunt,
385 1745 447 1816 sed
473 1751 511 1815 ut
528 1744 676 1836 linguae,
706 1765 774 1836 qua
798 1745 853 1816 usi
878 1751 967 1834 sunt,
996 1745 1146 1817 indolem
1165 1745 1359 1817 accuratius

131 1898 348 1988 dispicerem,
377 1897 590 1989 formamque
623 1900 697 1970 eius
722 1938 774 1951 -
799 1898 833 1970 11.
868 1919 898 1970 1.
926 1897 1138 1991 Latinitatis,
1173 1899 1284 1990 qualis
1308 1897 1361 1970 IV

138 2051 250 2123 seculo
269 2027 482 2125 Caesareano
510 2051 617 2124 fuerit
638 2094 679 2102 -
711 2052 953 2144 describerem,
974 2057 1138 2143 quantum
1157 2051 1285 2143 1111111,
1304 2051 1362 2124 uel

45 2183 49 2191 ¹
137 2201 382 2277 adumbrarem.
444 2203 550 2277 Gaius
583 2196 685 2277 curae
719 2208 891 2296 specimen
924 2227 1014 2279 nunc
1056 2205 1212 2295 exhibui,
1250 2205 1360 2296 partis

131 2357 269 2447 prioris,
299 2378 385 2448 quac
412 2357 620 2432 collectanea
645 2359 689 2431 de
722 2382 785 2432 usu
812 2360 1056 2433 uocabulorum
1089 2359 1225 2450 digesta
1257 2363 1361 2450 atque

128 2506 301 2581 illustrata
332 2510 588 2604 complectitur,
629 2513 698 2584 tria
731 2513 846 2604 capita
877 2533 955 2585 cum
988 2511 1188 2604 appendice.
1249 2509 1362 2603 Caput

130 2665 292 2751 quartum
311 2684 388 2734 cum
406 2665 503 2735 tertii
521 2665 725 2755 quibusdam
739 2666 986 2757 supplementis
1002 2666 1159 2757 proxime
1174 2670 1361 2756 conectam,

130 2835 228 2905 mox,
264 2816 295 2887 si
320 2816 395 2890 Deo
427 2818 558 2910 placet,
595 2819 701 2890 etiam
732 2819 867 2910 reliqua
898 2818 1164 2909 disquisitionis,
1199 2838 1286 2910 quae
1317 2815 1362 2891 ad

131 2971 422 3044 constructionem
447 2972 633 3045 uerborum
658 2974 844 3063 pertinent,
874 2972 1039 3045 editurus.

219 3187 360 3268 Dorpati,
384 3190 453 3256 Kal.
477 3190 546 3255 dan.
570 3189 802 3256 MDCGOLXX.
