2872 4852
580 264 861 339 ...21*.-

105 476 277 563 dineus,
307 471 498 562 uitreus203
526 472 799 563 (Herculeus,
828 471 1089 560 Romuleus);
1122 511 1162 520 --
1194 471 1332 542 cocci-

104 605 244 699 nus21,
279 605 547 701 crystallinus22,
580 608 830 698 electrinus,
865 602 1152 696 elephantinus2³,
1189 606 1332 696 galbi-

105 767 208 838 uua,
221 746 462 836 hyacinthinus
471 741 513 836 ²4,
549 739 771 834 myrrinus25,
809 744 966 833 prasinus
975 738 1016 834 ²⁶,
1046 743 1277 834 tyrianthiuus
1290 737 1331 832 *).

102 1036 150 1099 20)
169 1035 201 1087 V.
219 1035 279 1088 Tac.
300 1037 339 1095 ll,
358 1036 382 1095 3,
403 1035 479 1088 Firm.
498 1037 522 1096 3,
540 1037 594 1095 2..,
612 1036 644 1085 de
663 1034 745 1085 colore
765 1036 792 1087 b.
812 1035 868 1087 Hel.
889 1034 929 1094 19,
947 1036 972 1085 2.
991 1064 1023 1072 -
1043 1035 1177 1086 Adiectiua
1195 1032 1335 1084 materialia

103 1119 130 1169 in
153 1138 245 1171 -eus
263 1121 405 1187 significant
422 1122 474 1172 fere
493 1130 537 1171 aut
557 1120 579 1187 Ι)
599 1137 628 1170 ex
647 1137 695 1185 quo
714 1119 774 1185 quid
792 1120 948 1185 procreuerit
965 1120 1097 1185 (arboreae
1115 1121 1227 1179 frondes,
1246 1119 1334 1185 pineae

67 1197 72 1204 ’
101 1211 207 1271 nuces),
231 1207 297 1257 uude
316 1207 461 1273 prouenerit
480 1207 588 1271 (siderea
610 1205 679 1270 lux),
704 1206 887 1273 transgressiue
910 1207 984 1258 etiam
1008 1207 1106 1257 omuino
1129 1207 1199 1258 cuius
1221 1206 1279 1272 quid
1303 1205 1336 1256 sit

103 1292 234 1358 proprium
252 1292 392 1359 (uirgineas
411 1293 498 1359 pudor,
519 1292 646 1357 uirgineas
665 1319 697 1328 -
716 1291 731 1341 i.
750 1309 772 1342 e.
791 1292 916 1357 uirginum
936 1292 1074 1343 Danaidum
1094 1322 1124 1329 -—
1144 1309 1231 1350 urnae,
1249 1307 1333 1341 carce·

104 1393 151 1429 rea
168 1376 275 1443 catena),
291 1406 320 1414 -
340 1388 384 1427 aut
401 1378 426 1445 2)
446 1379 546 1444 proprie
564 1394 674 1443 uereque
694 1378 856 1429 materialiter
874 1395 905 1430 en
923 1396 973 1444 qua
991 1396 1032 1430 res
1050 1379 1162 1430 confecta
1181 1378 1214 1428 sit
1231 1376 1336 1427 materia

105 1462 202 1530 (lignea
220 1463 344 1529 supellex,
362 1463 443 1514 lineae
464 1465 568 1528 uestes),
587 1463 626 1512 uel
645 1479 695 1528 qua
712 1463 824 1514 conferta
846 1463 958 1528 (oculeus
977 1467 1070 1531 Argus,
1089 1481 1220 1529 squameus
1238 1462 1334 1528 anguis,

104 1548 176 1600 uitea
194 1565 262 1608 rura,
282 1576 314 1585 -
333 1557 359 1598 et
376 1549 412 1600 sio
429 1548 504 1601 Treb.
523 1565 648 1614 gemmeas
666 1547 780 1615 caligas),
797 1550 839 1599 uel
858 1567 907 1615 qua
925 1549 1019 1600 infecta
1037 1548 1130 1614 (fumea
1148 1549 1228 1615 uiua),
1242 1577 1272 1585 -·
1292 1548 1335 1598 de·

107 1634 183 1700 nique
201 1649 251 1699 quo
268 1649 362 1698 gauere
381 1633 490 1698 qualitas
509 1634 546 1684 rei
563 1640 662 1684 constet
680 1633 811 1699 (corporea
828 1651 877 1693 res,
897 1634 1039 1690 stimuleum
1059 1634 1215 1700 supplicium,
1228 1662 1258 1671 -
1272 1633 1334 1684 Oas-

106 1719 168 1772 siod.
183 1718 284 1786 pisceus
303 1718 394 1787 lupus).
429 1717 589 1771 Indiscretim
612 1726 695 1769 autem
713 1718 801 1770 eadem
820 1719 962 1785 significant
979 1728 1029 1770 tam
1048 1737 1078 1770 ex
1096 1738 1144 1785 quo
1163 1737 1224 1771 uere
1242 1719 1336 1784 aliquid

107 1804 148 1865 sit,
165 1821 240 1870 quam
258 1820 289 1855 ex
307 1821 356 1870 quo
376 1821 432 1854 essa
450 1805 566 1855 uideatur
584 1804 754 1855 tautummodo
772 1804 814 1855 uel
831 1805 953 1872 fingatur,
977 1806 1003 1856 h.
1023 1824 1046 1859 c.
1065 1812 1170 1872 possunt
1192 1805 1336 1872 significare

107 1888 147 1956 cui
164 1889 267 1940 simile
285 1889 380 1955 aliquid
397 1890 440 1940 sit:
459 1890 579 1956 qualitate
597 1889 697 1955 (niueae
714 1890 804 1950 undae,
823 1907 948 1957 aggerens
966 1893 1085 1954 tumulus,
1105 1890 1236 1942 fulmineus
1249 1889 1335 1953 ensis),

108 1975 189 2040 specie
208 1974 349 2039 (turbineus
368 1984 464 2033 uertex,
484 1974 599 2042 plumeae
618 1975 711 2038 uiues),
735 1992 763 2025 ac
781 1975 924 2041 specialiter
942 1975 1025 2027 colore
1043 1977 1130 2040 (niuea
1148 1975 1241 2035 ceruix,
1265 1975 1337 2040 picea

110 2059 207 2126 nubea).
243 2060 321 2126 Atqui
343 2061 424 2111 miuus
447 2061 539 2112 usitata
563 2069 621 2112 sunt
642 2061 807 2111 formamenta
827 2061 851 2110 in
876 2057 954 2111 —bus
977 2079 992 2111 a
1015 2061 1155 2112 nominibus
1173 2060 1335 2111 animantium

111 2145 151 2196 uel
169 2146 233 2197 adeo
252 2145 413 2212 appellatiuis
432 2146 568 2207 hominum,
592 2156 619 2197 ιιι
642 2146 709 2214 apud
731 2146 881 2197 recentiores
899 2146 1062 2198 hirundineae
1080 2146 1163 2197 Sidou.
1184 2163 1230 2213 pro
1249 2146 1335 2197 hirun-

110 2230 210 2281 diniuus
229 2230 321 2297 (Plaut.
340 2232 403 2295 all),
422 2250 534 2299 angueos
553 2231 629 2283 Solia.
649 2231 690 2294 24,
708 2233 723 2280 4
742 2231 837 2299 lapsus,
861 2232 998 2284 draconeus
1017 2231 1165 2298 (quanquam
1185 2249 1244 2283 saue
1262 2233 1335 2298 uipe-

110 2332 166 2368 reus
184 2316 234 2366 iam
255 2316 320 2382 apud
339 2326 439 2368 ueteres
457 2326 543 2382 poetas
561 2319 670 2384 saepius,
689 2318 827 2383 anguiueus
846 2336 885 2384 ap.
899 2318 1017 2369 Ouidium
1035 2319 1145 2384 legitur),
1161 2346 1192 2354 --
1207 2327 1282 2383 atqua
1301 2317 1336 2366 ita

110 2400 256 2460 lamissus,
276 2419 321 2451 usu
340 2400 423 2452 saltim
442 2403 549 2463 rariore,
572 2404 651 2455 nostri
669 2403 814 2470 aliquoties,
838 2404 969 2471 uirgineas
987 2404 1087 2471 quidem
1105 2405 1177 2456 multi
1195 2414 1221 2455 ct
1238 2404 1334 2470 antiqui

111 2485 234 2538 dixerunt.
259 2487 395 2553 Perperam
414 2487 488 2554 plano
507 2489 661 2540 recentiores
680 2490 772 2540 formas
790 2489 815 2539 iu
834 2507 912 2540 -eus
925 2507 1099 2555 nonnunquam
1113 2490 1154 2540 uel
1167 2489 1334 2540 adhibuerunt

110 2571 148 2622 uel
166 2572 319 2623 affinxerunt
336 2591 382 2639 pro
400 2573 561 2624 sollemnibus
579 2575 604 2624 in
624 2592 744 2634 -aneua,
763 2583 792 2624 ut
802 2573 937 2625 colluctans
950 2573 1013 2634 lun,
1032 2574 1109 2641 Hyg,
1127 2581 1203 2640 postt.
1228 2575 1335 2638 (Charis.

111 2657 133 2717 1,
156 2675 179 2724 p.
201 2657 235 2708 82
258 2657 416 2708 collactaneus
434 2657 483 2708 dici
499 2657 577 2719 debet,
600 2677 654 2708 nam
676 2659 803 2708 collaetans
826 2675 889 2707 nemo
911 2658 992 2718 dicit),
1011 2660 1156 2709 subterratus
1175 2660 1281 2721 Arnob„
1302 2687 1334 2696 -η

110 2741 150 2792 uel
168 2758 214 2808 pro
232 2741 316 2792 formis
334 2742 359 2792 iu
381 2742 468 2801 -alis,
488 2742 598 2803 —arius,
621 2751 649 2793 ut
666 2743 785 2794 funereus
803 2760 850 2810 pro
867 2742 1011 2793 funerarius
1028 2751 1115 2809 postt,
1138 2761 1276 2794 marmorea
1295 2763 1336 2795 ars

110 2827 156 2877 iam
175 2827 242 2879 Vita.
262 2826 308 2886 IV,
329 2827 352 2886 1,
373 2828 411 2888 10,
430 2827 526 2878 classes
544 2829 608 2879 silua
625 2829 751 2879 hominum
770 2827 894 2887 Cassiod,
914 2828 1067 2893 bitemporsa
1085 2844 1132 2878 uox
1151 2828 1240 2888 Prisc,
1261 2857 1293 2865 -
1312 2838 1337 2879 ct

111 2911 149 2963 his
166 2912 323 2979 potissimum
341 2912 524 2963 accensendum
542 2911 619 2963 suerit
637 2913 801 2972 ‘Paenuleus',
821 2912 887 2978 quod
905 2912 963 2978 imp.
982 2911 1121 2962 Macrinum
1140 2912 1192 2963 filio
1210 2913 1336 2980 irrogasse

110 3006 298 3064 cognomentum
320 2997 427 3064 legimus
450 2998 516 3064 apud
543 2998 712 3064 Lampridium
736 2997 845 3062 („fib'um
862 3015 928 3047 suum
945 2995 1090 3047 Paenuleum
1108 2997 1147 3048 uel
1164 2996 1335 3048 Paenularium

110 3083 269 3150 Διοφάνην),
290 3113 318 3121 -
338 3085 385 3135 uisi
403 3085 467 3135 forte
485 3080 565 3136 -eus
584 3086 618 3150 (h.
631 3103 653 3139 e.
677 3090 785 3163 -ειος)
804 3082 969 3149 pronunciare
987 3082 1116 3144 malumus,
1135 3091 1163 3134 ut
1180 3084 1271 3135 euadat
1289 3101 1337 3134 uon

109 3170 278 3222 semihibrida.
316 3170 400 3220 llabct
423 3171 511 3233 etiam,
536 3171 561 3222 in
583 3189 632 3237 quo
655 3172 710 3237 quis
732 3170 855 3228 offendat,
878 3166 1073 3227 ‘coloreusss-
1044 3169 1163 3235 -quod
1185 3169 1252 3236 apud
1275 3170 1337 3218 alios

111 3256 361 3316 rectinsutuicletur,
375 3256 621 3323 coloriusscriptum
635 3257 807 3319 inuenitur(u.
819 3253 841 3315 Ι,
854 3253 1005 3316 ludu.).-
946 3254 1061 3321 )-21)
1075 3253 1169 3306 Comm
1183 3273 1222 3321 ap.
1237 3255 1264 3305 0.
1279 3255 1336 3306 nlb.

109 3341 368 3400 2,5,ib.,.·-64
390 3339 1337 3405 22)c.Ver.10,9calix,53AntP11ruma-..unvano

110 3427 133 3485 8,
155 3428 177 3477 1.
194 3426 220 3476 2.
240 3454 269 3462 -
295 3426 339 3489 24)
362 3428 424 3477 Aur.
446 3444 487 3494 ap.
507 3427 538 3478 V.
558 3426 650 3479 Bonos.
671 3427 711 3486 15,
729 3426 754 3479 8,
774 3453 803 3462 ·-
828 3425 872 3488 25)
897 3425 924 3474 0.
942 3424 1000 3474 Ant.
1017 3423 1065 3474 Ph.
1092 3423 1129 3480 17.
1149 3426 1172 3484 4,
1192 3423 1251 3476 Ver.
1270 3426 1294 3486 5,
1312 3425 1337 3484 3,

111 3512 136 3562 b.
155 3511 213 3564 Hel.
232 3511 274 3570 32.
293 3511 317 3562 2.
339 3540 369 3548 -
392 3512 436 3576 26)
455 3511 483 3564 C.
505 3512 564 3563 Ver.
583 3512 608 3571 4,
627 3510 642 3562 7
660 3511 760 3576 prasino
768 3511 875 3575 fauens,
897 3509 920 3567 6,
939 3508 965 3569 3,
988 3508 1016 3559 Ιι.
1037 3508 1093 3560 Hel.
1120 3507 1160 3569 19,
1177 3508 1235 3568 2..,
1259 3509 1337 3560 subst.

109 3597 205 3665 (lapis),
224 3596 250 3650 C.
269 3597 372 3648 Marius.
391 3597 433 3656 27,
450 3596 474 3658 8
493 3596 563 3647 Τοιι.

211 3681 235 3750 *)
271 3682 348 3733 lllis'
341 3700 367 3732 ιιι
388 3698 463 3732 —eus
482 3682 655 3746 cognominata
672 3689 769 3732 constat
792 3699 848 3732 esse
866 3680 992 3733 adiectiua
1013 3680 1152 3745 figurata
1145 3696 1182 3732 rn:
1207 3681 1337 3746 -ylnus,

112 3769 251 3834 -9r'neua
268 3768 307 3834 (ut
325 3766 463 3833 oleaginus,
482 3765 683 3832 oleagineus,—
703 3767 829 3833 uitigcnus
848 3767 931 3827 buon,
949 3766 1079 3833 nitiginius
1098 3766 1160 3817 Cato
1178 3766 1278 3824 all..-
1299 3767 1335 3817 sa·

110 3858 217 3925 baginus
239 3859 368 3918 Cato,-
393 3856 537 3922 tilingiueus
560 3855 636 3922 Col.,)
659 3884 692 3892 -
714 3874 813 3922 -guus
835 3856 990 3925 (abiegnus);
1014 3885 1047 3895 -
1071 3833 1185 3917 —i'aua
1210 3835 1336 3917 ⁰-breus,

109 3961 214 4009 quorum
237 3961 302 4008 quae
324 3943 425 4009 quidem
442 3941 521 3993 latina
539 3949 597 3991 suut
615 3940 683 4008 (uon,
702 3951 738 4002 ut,
757 3942 873 4009 plurima,
895 3943 1044 4008 graecanica
1062 3951 1089 3994 et
1106 3943 1248 4007 inuecticia)
1266 3951 1337 4009 post·

109 4037 248 4096 augustana
266 4029 387 4095 pleraque
405 4035 474 4088 sunt,
497 4027 589 4093 partim
608 4027 729 4080 serotina,
749 4054 781 4062 -
800 4033 828 4076 ut
845 4043 909 4092 quae
929 4028 977 4078 duo
996 4029 1090 4079 habeut
1107 4027 1198 4087 nostri,
1222 4029 1337 4080 coccinus

108 4123 133 4164 ct
149 4114 279 4180 galbinos,
297 4122 325 4163 ut
343 4112 486 4164 aesculiuus
505 4111 583 4171 Vita,
606 4113 716 4163 succinus
733 4121 759 4163 et
777 4112 903 4164 fascinans
923 4113 990 4172 Col..
1014 4115 1111 4166 fucinus
1129 4115 1225 4176 Quint,
1243 4133 1336 4182 gausa·

108 4199 181 4265 piuua
204 4200 305 4250 Petron.
329 4199 419 4260 Mart,
442 4199 556 4248 iuncinus
579 4197 677 4263 aliaque
701 4197 773 4264 plura
790 4198 868 4259 Plin,
892 4200 1025 4265 querciuus
1048 4200 1130 4261 Tert,
1153 4200 1279 4252 triticinus
1297 4203 1336 4255 Pl.

111 4284 203 4344 Valet,
216 4284 354 4335 cuminiuus
368 4285 433 4350 App.
446 4284 529 4343 hsrb.;
550 4311 582 4320 -
602 4301 700 4344 -nus,
721 4300 834 4346 -uaas,
853 4284 991 4337 cuiusmodi
1004 4297 1062 4336 sunt
1075 4284 1222 4352 (etquidem
1235 4288 1337 4355 antiqua

107 4370 200 4438 omnia)
214 4370 338 4429 colurnus,
357 4368 504 4430 roburnsua
524 4386 643 4432 -aanus,
663 4386 786 4434 aeneus,
803 4398 837 4409 -
855 4372 975 4436 eburnus,
993 4371 1159 4433 eburneus,
1170 4401 1204 4411 —
1222 4374 1336 4442 ficulnus,
