2872 4852
590 244 848 323 ..77-

100 459 276 551 prunarios
302 459 366 530 uix
390 457 459 529 ulli
475 455 733 530 familiariorem
760 478 863 549 quam
882 456 996 530 Plinio
1023 424 1145 531 maiori
1165 462 1215 549 (u.
1236 457 1336 552 Sillig

104 596 145 669 al
168 594 336 687 XXXIV,
383 594 465 686 79),
505 594 573 666 iam
605 615 714 686 usque
748 597 784 666 in
815 595 961 667 istorum
999 595 1128 667 humile
1154 617 1194 667 ac
1221 599 1334 688 quoti-

105 733 241 805 dianum
273 736 480 823 penetrasse
519 731 709 824 eloquium,
755 731 897 823 dignum
931 753 1012 804 sane
1049 736 1171 805 notatu
1203 733 1260 805 uel
1292 733 1337 805 ad

106 869 284 942 historiam
311 862 466 961 linguae.
521 866 655 959 Quippe
680 868 745 939 hae
770 869 829 939 uia
856 888 896 939 eo
923 873 1064 941 uentum
1092 873 1155 959 est,
1184 873 1334 940 utnon·

105 1006 195 1079 nula
220 1007 445 1079 substantiua
470 1026 533 1097 pro
559 1005 741 1079 adieetiuis
774 1008 963 1078 transirent
997 1006 1041 1077 ad
1073 1007 1209 1097 linguas
1235 1005 1333 1098 filias,

107 1146 144 1215 ut
165 1145 283 1234 ipsum
310 1143 399 1215 illud
424 1143 489 1235 fur,
517 1143 590 1215 ital.
619 1142 696 1214 furo
723 1144 772 1237 (ιι.
801 1143 900 1234 plura
926 1163 980 1232 ap.
1008 1141 1110 1215 Dietz
1129 1140 1280 1216 Gramm.
1301 1141 1333 1215 d.

106 1300 234 1352 roman.
263 1278 453 1371 Spraohen,
482 1278 535 1352 ed·
565 1279 610 1370 ll,
639 1283 664 1350 t.
693 1279 738 1371 Π,
764 1300 798 1369 p.
830 1280 902 1351 267
931 1280 1015 1371 sn).

203 1420 238 1492 5.
295 1416 480 1508 Pergimus
506 1416 549 1489 ad
576 1415 819 1487 declinandi
837 1416 997 1512 formas
1030 1421 1066 1488 et
1099 1418 1273 1489 nominum
1300 1422 1336 1489 et

107 1558 292 1632 uerborum
319 1553 562 1644 excerpendae,
591 1553 621 1623 si
649 1572 733 1644 quas
760 1551 851 1642 apud
878 1557 1013 1626 nostros
1032 1554 1224 1626 inuenimus
1242 1555 1334 1626 inso-

109 1694 283 1783 lentiores,
312 1690 370 1762 uel
397 1688 511 1779 aliquo
539 1688 686 1780 denique
713 1689 849 1760 nomine
876 1687 999 1781 dignas
1018 1694 1168 1782 enotatu,
1197 1693 1336 1763 messim

109 1830 192 1903 haud
218 1847 305 1901 sane
332 1846 500 1917 maguam.
555 1824 709 1896 Primum
737 1823 827 1916 quod
854 1823 896 1896 ad
924 1824 1242 1898 declinationem
1268 1850 1333 1898 no-

113 1970 253 2036 minum
280 1963 418 2054 attinet,
447 1959 473 2032 2
491 1961 588 2033 deal.
609 1963 716 2054 gerit.
736 1962 824 2053 plur.
845 1961 1029 2054 aliquoties
1046 1964 1176 2054 legitur
1194 1984 1333 2055 eorrep-

117 2104 166 2175 tu
183 2104 220 2175 iu
245 2138 302 2154 -
321 2120 394 2191 ena,
428 2120 496 2173 non
520 2103 655 2170 tautum
688 2119 783 2171 more
817 2099 917 2173 solito
950 2103 987 2172 in
1014 2100 1261 2191 distributiuia,
1297 2106 1335 2172 ut

126 2232 255 2312 Xl'ao.
291 2236 349 2329 15,
380 2236 399 2306 1
422 2234 544 2329 pedrnn
570 2238 770 2307 trisenon
805 2242 841 2309 et
867 2239 1004 2329 saepius
1037 2240 1103 2330 ita,
1139 2237 1195 2310 uel
1221 2237 1257 2308 in
1285 2238 1335 2309 eis

119 2392 193 2465 quae
219 2393 403 2446 mensuras
430 2371 640 2464 significant,
669 2377 709 2444 ut
741 2372 796 2463 Sp.
826 2373 903 2446 Seu.
934 2377 993 2466 23,
1030 2378 1051 2447 2
1079 2373 1210 2447 LXXV
1244 2374 1336 2445 anilia

115 2510 297 2602 nodinm,
324 2508 382 2581 uel
407 2510 443 2579 iu
469 2508 635 2581 uocabulo
663 2509 753 2600 qnod
781 2514 834 2582 est
860 2509 944 2583 deus
971 2513 1027 2583 Tr.
1044 2509 1132 2584 Gall.
1155 2512 1188 2603 5,
1219 2511 1240 2582 5
1262 2531 1336 2603 pen

114 2644 217 2719 deum
253 2644 424 2738 (diutione
456 2643 629 2736 frequenti
656 2665 710 2735 ap.
739 2646 835 2738 Liu,
864 2646 963 2720 Neue
989 2649 1024 2740 Ι,
1057 2648 1160 2738 108),
1195 2646 1334 2718 —sed

114 2784 222 2875 etam,
251 2786 433 2873 poetarum
460 2782 571 2873 magis
598 2782 641 2854 ad
668 2782 958 2872 consuetudinem,
988 2784 1023 2853 in
1050 2783 1225 2854 uocabulis
1253 2803 1334 2872 gen·

114 2919 224 2994 tilibus
250 2924 291 2991 ut
318 2918 376 2990 Tr.
397 2916 447 2990 01.
472 2918 529 3010 16,
560 2920 579 2988 1
601 2940 681 2990 euru
707 2916 1097 3014 Peloponnensium,
1126 2924 1162 2989 et
1179 2920 1214 2988 in
1233 2939 1333 3009 grae-

114 3058 168 3149 eis,
194 3061 235 3128 ut
251 3055 292 3128 L.
314 3053 391 3127 Hel.
413 3054 472 3146 20,
500 3055 521 3126 6
546 3052 709 3127 cerebellis
731 3055 1118 3150 phoenieopternnz,
1147 3061 1335 3148 praeeunte

115 3190 174 3264 hoe
210 3169 327 3284 ipsum
362 3185 586 3281 Suetonio.*)
653 3192 709 3263 Ad
742 3190 871 3264 enne.
900 3198 1008 3290 along.
1050 3193 1200 3267 notanda
1239 3197 1334 3264 sunt:

116 3325 204 3400 lose
228 3330 287 3422 Τι’,
318 3327 406 3401 Gall.
439 3328 496 3421 18,
526 3330 550 3400 4
578 3331 721 3422 (inser),
753 3370 800 3380 -
824 3351 928 3422 pure
955 3329 992 3402 (1.
1019 3330 1199 3402 Maximin.
1230 3332 1289 3420 24,
1312 3330 1332 3401 7

114 3482 190 3555 pare
218 3464 378 3561 eurestein
417 3466 527 3552 {cuius
571 3465 734 3538 adieetiui
774 3466 989 3538 substantiue
1030 3465 1198 3537 duntaxat
1229 3468 1335 3556 positi

119 3602 266 3694 exempla
291 3601 359 3676 abl.
387 3603 423 3672 in
449 3625 538 3676 -e
565 3608 711 3695 quatuor
736 3605 880 3694 praebet
905 3604 949 3676 N.
977 3602 1029 3694 ΙΙ,
1060 3603 1125 3693 32,
1154 3606 1336 3693 praeterea

118 3740 289 3829 rnmpositi
321 3758 400 3810 eum
431 3741 685 3832 praepositione
724 3743 868 3834 panoula
901 3740 992 3812 idem
1032 3744 1069 3810 et
1102 3741 1254 3832 poetica,
1296 3744 1335 3811 ut

210 4057 233 4123 ⁸⁵)
269 4058 308 4109 Ex
325 4058 402 4111 inser.
420 4057 493 4110 Neue
512 4059 532 4120 l,
553 4058 793 4118 leoninorum,
812 4057 998 4122 dendroforum,
1023 4061 1162 4113 alternante
1180 4067 1264 4110 tamen
1281 4065 1334 4108 ter·

119 4139 245 4195 munim
263 4144 395 4212 disyllaba,
430 4144 459 4195 ln
476 4162 526 4195 uno
543 4160 634 4212 graeco
652 4144 727 4195 etiam
740 4144 888 4210 Appuleius,
906 4153 1038 4214 correptae
1058 4144 1240 4198 terminationis
1258 4143 1334 4195 dilee-

120 4229 155 4274 tor
170 4227 319 4293 (Kretaehm.
337 4248 362 4299 p.
381 4229 439 4294 86),
462 4230 587 4297 expressit
608 4247 663 4281 eam
685 4230 719 4281 M.
739 4227 789 4299 XI,
815 4229 846 4280 17
876 4240 940 4281 coetu
959 4231 1136 4307 pastophorum,
1157 4229 1192 4280 30
1213 4229 1335 4299 collegatum

118 4313 276 4379 1¹⁰⁸pron
293 4332 396 4377 ειιονιιιιι,
