2872 4852
585 250 841 322 ..87-

104 457 396 532 inscribendus
435 461 496 529 est
534 463 600 527 inin
646 456 813 551 loquemur
839 477 922 548 queue
966 459 1097 547 saepius
1129 454 1327 526 deliniens

102 598 179 669 utile
202 595 389 687 un'elelelur,
417 595 473 686 Sp.
495 595 592 666 Pesc.
614 596 647 686 3,
677 595 698 664 2
735 592 854 664 Seuero
880 592 1033 683 (longum
1059 593 1241 681 imperium
1267 592 1328 664 de-

102 736 189 824 berit
216 739 277 828 qui
301 738 412 829 rengis
438 734 546 802 esset
570 731 642 801 edio
667 728 895 820 leniendus,
930 728 1017 823 prend
1044 727 1199 821 pruluuit
1230 751 1328 799 enen

104 875 164 963 tus,
192 871 251 941 Ch.
280 868 393 961 XXX,
426 869 482 960 11,
513 868 546 960 3,
576 867 618 939 V.
638 867 740 938 Prob.
771 867 831 958 23,
862 867 903 956 3;
931 863 983 961 (in
1000 865 1224 957 appositione,
1252 885 1328 936 eum

104 1005 354 1099 significatione
381 1007 560 1097 propositi,
588 1009 628 1076 ut
653 1009 741 1095 punt.
770 1002 832 1075 fut.
863 1000 946 1097 ant.)
975 1002 1012 1075 Ο.
1041 1003 1122 1075 Ant.
1150 1002 1213 1073 Ph.
1243 1001 1276 1093 6,
1306 1002 1327 1072 5

104 1166 183 1236 uene,
208 1142 458 1240 fermundus
485 1143 531 1213 nel
560 1141 740 1238 regendum
766 1143 886 1211 steturn
913 1146 1039 1234 reip,
1070 1143 1179 1234 petris
1205 1137 1330 1211 netllres

105 1283 281 1372 interesset,
311 1280 370 1351 XV.
398 1279 509 1371 XXX,
539 1281 605 1370 21,
637 1279 657 1349 6
692 1277 893 1374 quadrigae,
934 1283 1031 1372 quiesi
1072 1277 1329 1373 transferen-

106 1417 192 1510 dae,
240 1415 324 1487 utili
357 1420 484 1510 pesilue
514 1418 610 1500 seeret3
654 1455 699 1466 —
747 1414 864 1485 Anum.
893 1413 1011 1486 XXIV
1039 1417 1072 1506 2,
1103 1415 1124 1485 5
1166 1437 1230 1485 rnen
1256 1417 1331 1484 urite

106 1553 262 1644 discessit,
290 1575 387 1648 quern
414 1552 549 1624 teleneu
576 1557 729 1648 ceungerie
754 1574 789 1624 se
815 1557 880 1622 inm
903 1555 1047 1623 cerneret
1071 1550 1329 1641 obruendum,

106 1689 181 1782 XV,
210 1691 246 1781 5,
277 1690 337 1781 26,
366 1689 477 1780 XXV,
499 1689 531 1781 8,
555 1690 576 1760 9
604 1687 721 1783 pullus
738 1688 955 1759 rnurselenerel
974 1679 1143 1781 princeps,
1169 1691 1206 1758 ul
1221 1687 1331 1759 Luer'l·

108 1827 231 1899 &nuru
256 1848 402 1898 secernere
428 1848 523 1897 sennenn
544 1847 725 1920 preperere
743 1824 956 1896 Mellelenurn
981 1827 1148 1919 urgerent,
1176 1845 1229 1896 res
1249 1825 1330 1916 fir·-

108 1967 309 2037 netururn
348 1967 504 2056 eneipites
543 1966 589 2055 et,
633 1967 665 2033 si
706 1983 801 2033 nesus
834 1966 913 2030 runi
944 1959 1075 2053 quidun
1102 1965 1329 2057 ensrrrgerent,

112 2098 385 2195 eppenenrlune
413 2101 449 2188 (i.
479 2101 537 2191 qui
564 2120 601 2171 se
627 2096 842 2192 opponeret),
872 2097 999 2189 XXVI,
1037 2097 1069 2188 9,
1101 2097 1121 2167 5
1152 2097 1333 2194 profligate

117 2235 267 2328 mlulnei,
296 2236 559 2308 destituendo
585 2241 651 2306 iun
677 2239 708 2306 et
740 2256 872 2326 enuere,
906 2233 1016 2326 XXV,
1053 2235 1086 2326 8,
1124 2236 1145 2305 5
1179 2235 1332 2327 oppidum

112 2373 191 2467 quud
215 2373 466 2446 esuriendum
493 2373 602 2444 eelerti
619 2393 727 2466 peene
752 2372 849 2443 deleti
870 2375 956 2464 sunt,
986 2371 1036 2462 (in
1053 2371 1119 2443 abl.
1140 2393 1172 2462 q.
1194 2371 1225 2443 d.
1247 2372 1334 2463 abs.)

110 2508 218 2604 XXV,
248 2512 283 2603 4,
314 2510 361 2582 25
390 2514 425 2581 iu
455 2509 570 2582 Galliis
596 2508 753 2581 letterune
780 2512 888 2580 terrere
910 2508 1087 2605 gliscente,
1122 2507 1250 2606 diffinis
1272 2529 1335 2602 per

110 2650 220 2718 instra
250 2646 429 2737 Germanis,
458 2651 585 2741 iernpue
610 2643 784 2740 Alpibus
811 2645 857 2715 ed
877 2644 1071 2715 uesternlern
1101 2643 1230 2715 Itnliune
1242 2665 1334 2738 per·

111 2784 364 2879 rumpendis,
391 2781 478 2854 nillil
498 2786 631 2877 preeter
657 2784 811 2855 lnerr'nrns
837 2784 1063 2874 superenatet
1088 2784 1237 2872 terreres,
1270 2782 1334 2872 al.;

118 2921 208 2995 Viet.
235 2942 289 3011 ep.
319 2921 379 3012 44,
415 2921 554 3014 lpntri
572 2923 782 3014 praeceptum
808 2922 928 2989 sennis
954 2920 1019 3009 est,
1061 2940 1144 3010 erern,
1185 2923 1244 3013 qui
1267 2923 1333 2988 inne

115 3062 253 3131 tnwnte
277 3063 393 3130 uernis
414 3061 518 3151 pertn
544 3055 722 3128 edendus
743 3056 873 3153 sorel,
906 3053 1026 3126 dieeret
1050 3053 1236 3147 leuienurn,
1275 3056 1332 3147 14,

119 3194 347 3287 53Eulr'.1,
378 3195 424 3266 16
452 3196 676 3287 premittentes
707 3197 837 3265 senului
874 3196 906 3265 el
940 3194 1062 3287 pupulo
1089 3213 1152 3286 per
1183 3215 1219 3265 se
1244 3214 1337 3264 emere

120 3337 273 3405 ueternen
300 3331 574 3425 inplendum
607 3329 734 3427 Vrget.
769 3351 798 3402 r.
827 3353 871 3402 m.
900 3331 962 3424 III,
1006 3332 1027 3403 3
1055 3354 1128 3403 eune
1153 3331 1339 3402 aduersarii

121 3471 210 3540 nnn
235 3474 303 3564 ipsi
326 3471 503 3540 esurientes
529 3466 754 3539 eireunzsidere
780 3490 845 3538 nine
871 3467 1022 3540 desinent
1046 3488 1126 3562 ques
1148 3467 1238 3562 ferne
1262 3488 1336 3560 spe·

123 3609 191 3676 rent
215 3628 304 3678 esse
320 3605 561 3697 uincendus,
580 3603 622 3677 cf.
637 3605 751 3676 Haase
764 3604 809 3676 nd
821 3605 953 3697 Reisig.
968 3626 1001 3696 p.
1020 3605 1092 3675 747
1102 3627 1111 3693 ;
1142 3602 1174 3675 C.
1195 3601 1334 3676 Tleed.

124 3737 192 3835 VII,
223 3746 255 3836 1,
289 3744 334 3814 13
363 3741 489 3836 (Grnt,
518 3743 690 3816 Valentin.
725 3749 761 3815 et
787 3744 984 3838 Theodosii)
1018 3748 1055 3815 ut
1086 3765 1172 3814 nnus
1202 3749 1338 3838 quisque

127 3876 265 3952 ltilunus
297 3883 472 3977 agreeseet,
511 3887 618 3977 greui
642 3903 676 3953 se
701 3878 952 3953 subdendum
985 3903 1053 3953 esse
1085 3880 1260 3974 supplicio,
1303 3886 1338 3951 in

128 4019 326 4111 euplus
350 4018 532 4114 negleeturn
553 4014 773 4111 proteletur.
795 4070 803 4087 .
832 4021 1042 4111 imperatum,
1083 4017 1126 4089 ef.
1161 4019 1207 4090 ib.
1235 4017 1258 4089 l.
1291 4018 1336 4088 17

132 4152 291 4246 n18,t.
321 4156 355 4247 2,
383 4155 406 4226 l.
436 4156 478 4246 23
505 4193 557 4206 —-
581 4153 697 4225 Meer.
730 4151 800 4224 Sat.
836 4152 869 4245 I,
903 4155 959 4247 10,
991 4156 1037 4226 13
1069 4176 1110 4225 ne
1141 4154 1338 4226 sennodum

57 4348 60 4397 ,
130 4291 243 4374 trinae
268 4297 454 4384 suasinus,
482 4313 556 4363 eune
580 4313 615 4363 se
640 4290 768 4362 uuum
785 4293 952 4385 irreperet,
979 4289 1218 4388 offerendae
1245 4293 1281 4385 (i.
1301 4312 1339 4364 se
