2872 4852
575 303 856 376 ...27²⁸-

102 483 260 581 -asusr
287 510 486 582 ambitiosus
502 510 520 585 ¹.
548 531 740 600 nitrosae,
775 508 989 602 bellicosus'l,
1019 512 1235 605 tortosam,
1263 538 1327 585 co-

102 664 235 735 rrosor,
263 646 419 734 copiosus
427 644 453 736 4,
482 642 755 735 reriminosusi,
783 646 967 738 curiosusfl,
996 651 1151 722 ebriosus
1162 641 1184 741 1,
1206 651 1327 724 factio·

102 835 171 878 tatae
189 829 238 878 sint
255 827 386 894 (aurantur
403 828 491 893 Tem),
510 857 543 865 -
566 828 643 879 nihilo
662 830 742 895 magis
760 829 892 897 participia
911 840 969 882 sunt
987 849 1046 882 uere
1065 834 1185 894 uerbalia,
1206 834 1251 884 sed
1270 843 1329 886 sunt

102 914 234 980 propritim
250 914 416 966 denominata.
446 915 592 980 Quanquam
611 915 643 966 de
660 915 810 980 quibusdam
828 945 863 953 —
881 933 968 968 eorum
986 935 1094 985 quoque,
1113 937 1177 985 quae
1195 937 1250 976 mea
1268 938 1328 973 sen·

102 1001 182 1050 tentia
199 1000 224 1051 in
242 1000 389 1051 laterculum
408 1002 495 1068 redegi
515 1028 547 1036 -
566 1000 658 1066 ambigi
676 1016 750 1066 posse
768 1017 816 1050 non
835 1003 990 1067 negauerim.

206 1084 230 1151 1)
253 1084 297 1151 Sp.
321 1085 398 1137 Hadr.
421 1085 445 1145 6,
467 1087 483 1134 5
506 1087 627 1136 ambitiose
650 1103 679 1135 nc
701 1085 826 1152 dilipenter
848 1103 970 1151 exponere.
989 1117 1024 1126 —
1045 1089 1073 1154 2)
1097 1091 1140 1156 Sp.
1165 1091 1224 1143 Seu.
1245 1091 1284 1151 18,
1304 1090 1328 1144 3.

104 1170 248 1220 Adlormam
266 1171 428 1222 bell-ic·osus
447 1171 493 1238 (pr.
513 1173 589 1222 etiam
607 1171 726 1238 bellosus)
750 1171 779 1224 cf.
799 1172 969 1223 sent-ic-osus
993 1174 1052 1240 (rec.
1071 1179 1205 1240 sentosus),
1228 1176 1329 1227 tenebr-

103 1256 196 1306 ic·osus
209 1254 385 1320 (tenebrosus),
406 1273 453 1308 rec.
468 1258 630 1307 felinis-osus
645 1258 708 1323 Veg.
722 1275 752 1315 ιι,
767 1273 887 1323 —porro
905 1259 980 1308 etlam
998 1260 1196 1320 met-icul-osus,
1216 1261 1326 1312 sit-icul-

102 1359 169 1401 osus,
179 1343 369 1406 somniculosum
381 1371 412 1380 -·
424 1342 633 1402 formid-ol-osus,
646 1343 830 1394 fraud-ul-osus
843 1343 901 1411 Dig.
913 1373 946 1380 -
956 1345 984 1410 3)
998 1345 1070 1406 Quod
1084 1354 1121 1395 est
1133 1363 1221 1397 nomeu
1232 1346 1330 1396 uniuse

103 1427 246 1479 minusculis
258 1429 377 1495 tyrannis,
392 1445 500 1494 quorum
514 1429 578 1479 uitas
597 1429 698 1494 scripsit
716 1429 817 1494 Vopisc.
838 1429 889 1494 (qui
904 1429 993 1480 Bonos.
1010 1433 1074 1496 14,1
1095 1431 1161 1481 hunc
1180 1431 1241 1481 dicit
1252 1431 1329 1482 fuisse

104 1500 175 1564 domo
198 1513 401 1578 Hispaniensem,
424 1513 520 1579 origine
544 1515 714 1573 Brittannum,
739 1514 813 1564 Galla
835 1514 934 1580 matre).
970 1517 1017 1566 Est
1041 1524 1124 1567 autem
1146 1518 1279 1568 bonosus
1300 1547 1328 1555 -—

103 1617 118 1648 a
135 1599 216 1650 ‘bona'
236 1598 335 1665 (subet.)
354 1627 386 1635 —
405 1600 420 1649 i.
435 1617 459 1664 q.
479 1600 549 1649 bonis
568 1600 681 1648 omuibus
699 1599 779 1665 diues,
799 1599 829 1649 cf.
847 1600 999 1665 peculiosus,
1023 1602 1184 1667 pecuniosus,
1208 1604 1327 1668 itemque,

103 1683 168 1749 quod
185 1684 304 1749 sequitur,
322 1702 461 1743 canosus,
480 1703 495 1733 a
514 1684 584 1734 ‘cani’
604 1683 648 1748 (sc.
663 1683 757 1749 capilli)
774 1713 803 1720 -
819 1684 835 1733 i.
849 1702 872 1749 q.
892 1686 960 1735 canis
978 1687 1115 1738 abundans.
1143 1687 1238 1737 Eodem
1257 1688 1330 1737 modo

103 1770 175 1820 ctiam
198 1770 346 1836 quibusdam
365 1771 390 1820 in
410 1787 516 1831 -0sus,
539 1787 602 1835 quae
626 1770 762 1835 antiquitus
784 1770 903 1820 inclinata
925 1771 1058 1820 traduntur
1081 1773 1112 1821 ab
1136 1772 1266 1822 adiectiuis
1290 1773 1332 1837 (cs.

103 1865 151 1907 not.
169 1854 205 1920 7),
226 1872 274 1906 ιιοιι
292 1856 443 1906 adiectiuum
463 1856 551 1922 ipsum,
572 1855 616 1905 scd
635 1855 787 1905 substantiui
806 1854 854 1904 iarn
873 1862 998 1921 potestate
1017 1856 1131 1905 indutum
1150 1857 1250 1906 uidetur
1269 1859 1329 1908 sub-

104 1958 168 1992 esse:
188 1941 399 1992 nruliebrosus
417 1942 499 1994 Plaut.
520 1942 596 1991 l'cen.
618 1940 682 1990 1292
699 1957 772 2005 penus
791 1939 1006 1989 vitalianorum:
1026 1941 1056 1990 ad
1076 1941 1248 1991 muliebria
1265 1943 1330 1992 male

103 2028 261 2093 propensius,
285 2027 316 2079 cl.
336 2028 450 2085 uinosus,
473 2027 634 2085 mulierosus,
656 2025 782 2091 gratiosus
806 2026 841 2091 (n.
863 2026 916 2096 16),
934 2054 965 2061 -
991 2025 1129 2076 alsiosus
1149 2026 1241 2086 Varro,
1265 2027 1330 2077 Plin.

105 2113 145 2177 (ι-
157 2113 238 2163 alsius
251 2113 342 2179 Luce),
362 2113 521 2163 lusciosus
540 2112 629 2170 Varro,
649 2111 713 2162 Plin.
733 2109 791 2176 (nisi
810 2119 952 2176 correptum
970 2111 1017 2160 hoc
1035 2128 1049 2160 o
1067 2111 1228 2161 luscitiosus
1247 2112 1330 2163 Plaut.

105 2197 157 2250 Mil.
175 2197 223 2247 321
245 2197 299 2256 all,
323 2196 497 2260 a‘luseitio’),
522 2214 585 2262 quae
608 2197 640 2246 ad
664 2213 719 2246 eam
741 2196 849 2261 speciem
870 2214 960 2246 —osue
978 2197 1104 2246 finitorum
1124 2198 1256 2248 referenda
1275 2215 1330 2248 esse

104 2283 226 2342 uidentur,
246 2284 336 2348 quibus
353 2284 494 2342 denotatur,
514 2301 562 2348 quo
581 2282 646 2332 mulo
664 2282 704 2332 uel
723 2282 808 2332 morbo
823 2281 912 2348 aliquis
925 2284 1029 2343 laboret,
1048 2292 1076 2333 ut
1089 2283 1229 2343 herniosus,
1248 2285 1278 2334 cf.
1291 2285 1330 2334 in·

106 2369 181 2419 iarius
199 2386 222 2418 n.
243 2369 280 2418 184
302 2397 333 2405 -—
356 2370 382 2433 4)
403 2369 429 2420 L.
449 2369 520 2419 Alex.
539 2368 581 2427 37,
601 2367 630 2416 ll
657 2384 730 2430 ireque
748 2383 823 2431 perce
846 2385 918 2431 neque
941 2369 1040 2432 copiose,
1064 2367 1108 2434 Sp.
1128 2368 1194 2418 Geta
1211 2370 1236 2428 2,
1254 2372 1278 2419 4.
1297 2399 1330 2406 —

104 2455 129 2520 ὃ)
152 2453 224 2506 Vulc.
243 2453 312 2506 Cass.
334 2457 359 2513 4,
378 2455 394 2504 5
418 2463 443 2505 et
465 2455 491 2504 L.
514 2455 607 2505 (lomna
625 2453 649 2516 3,
668 2454 684 2503 8
706 2453 829 2502 criminosi
848 2471 913 2519 pers.
936 2453 951 2505 i.
978 2453 1121 2504 criminibus
1144 2455 1260 2505 admissis
1278 2455 1331 2505 foe·

105 2539 165 2598 dati,
187 2569 215 2576 -
235 2557 291 2590 cum
310 2540 371 2590 alias
389 2540 535 2590 criminosus
554 2539 701 2598 iudicatur,
725 2538 767 2602 qui
786 2537 971 2588 criminationes
990 2538 1082 2588 inferat
1099 2538 1163 2599 aliis,
1189 2548 1218 2589 ut
1235 2541 1285 2592 Cio.
1305 2558 1329 2605 p.

106 2624 203 2676 Cluent.
222 2625 264 2684 34,
282 2626 323 2676 94.
339 2654 368 2662 »-
388 2626 413 2691 6)
432 2626 460 2676 C.
480 2626 537 2675 Ant.
558 2624 603 2672 Ph.
621 2623 664 2681 20,
683 2626 698 2672 5
718 2623 891 2672 curiosissimus
900 2625 988 2686 farriae
1005 2641 1070 2683 suae,
1089 2626 1119 2673 cl'.
1139 2623 1181 2690 Sp.
1199 2626 1276 2676 Hadr.
1291 2627 1329 2686 ll,

105 2712 127 2770 4,
151 2710 179 2763 C.
197 2711 266 2760 Pert.
287 2712 360 2772 13,ss
382 2712 447 2760 circo
469 2709 550 2758 risoris
571 2707 710 2772 pudicitiam
732 2708 807 2756 minus
830 2709 945 2767 curiosus,
973 2708 1000 2760 V.
1020 2709 1097 2761 Prob.
1116 2709 1141 2767 2,
1160 2710 1176 2758 8
1198 2728 1248 2758 auru
1271 2728 1330 2758 unus

105 2814 132 2845 er
149 2796 257 2858 curiosis
277 2797 333 2848 Car.
355 2797 420 2855 14,1
442 2794 556 2843 curiosum
575 2810 619 2843 non
635 2803 693 2857 puto
711 2809 783 2856 neque
801 2793 862 2851 satis
879 2791 980 2856 culpare
994 2793 1114 2853 foliolium
1132 2792 1161 2841 rle
1179 2793 1330 2843 Diocletiano

103 2897 195 2944 ponere.
212 2909 240 2917 —
254 2881 280 2947 7)
300 2882 327 2930 L.
341 2881 435 2931 Conrm.
450 2877 489 2937 17,
502 2878 532 2940 3;
552 2877 618 2940 Cie.;
637 2878 678 2931 all.
704 2879 743 2927 Ab
761 2877 894 2927 adiectiuis
913 2877 1023 2927 deriuari
1041 2877 1165 2928 adiectiua
1184 2880 1209 2929 in
1229 2896 1329 2938 -osus,

106 2966 194 3017 rationi
213 2967 321 3031 figurae,
344 2984 392 3031 qua
411 2965 613 3016 substantiae
636 2964 732 3029 copiam
755 2963 795 3012 uel
814 2963 991 3012 abundantiam
1017 2962 1077 3029 (uel,
1096 2972 1252 3026 transgressu
1270 2982 1328 3029 pro-

105 3052 171 3110 cliui,
188 3052 353 3116 nimietatem)
372 3051 507 3120 significari
525 3057 633 3109 constat,
657 3051 805 3099 aduersatus
824 3064 869 3098 nec
888 3048 947 3098 lerri
966 3065 1040 3114 posse
1059 3049 1172 3108 uidetur,
1196 3050 1243 3099 nisi
1267 3058 1331 3109 aut,

104 3137 170 3202 quod
182 3138 236 3188 n.3
254 3136 390 3202 attigimus,
409 3135 562 3201 primitiuum
581 3154 596 3185 a
613 3135 715 3202 propria
733 3133 853 3184 adiectiui
872 3134 902 3183 ud
921 3133 1070 3183 substantiui
1084 3143 1233 3199 potestatem
1247 3143 1330 3184 trans·

104 3239 219 3286 gressum
231 3223 315 3280 fuerit,
334 3230 386 3272 out
404 3221 571 3272 inclinamenti
590 3222 627 3271 uis
646 3239 661 3270 a
679 3238 709 3286 pr
717 3222 781 3286 rpria
793 3221 879 3286 copiae
892 3220 923 3269 ad
937 3219 1109 3270 similitudinis
1123 3219 1330 3286 significationem

105 3307 208 3372 delapsa
226 3307 266 3370 (cf.
286 3316 337 3359 not.
355 3309 407 3374 37).
443 3309 560 3358 Ceterum
579 3315 678 3358 exstant
696 3305 834 3356 formaliter
852 3307 883 3355 ab
903 3305 1033 3356 adiectiuis
1053 3305 1188 3371 repetenda
1206 3305 1333 3371 complura

105 3392 171 3457 apud
190 3393 355 3453 recentiores,
379 3403 407 3444 ut
424 3394 542 3444 anxiosus
561 3393 588 3445 O.
609 3396 679 3451 Aur,
699 3392 818 3442 dubiosus
837 3391 916 3451 Geli,
941 3391 1048 3440 faleosus
1066 3389 1099 3454 gl.
1120 3390 1200 3442 Paris.
1219 3390 1245 3442 S.
1265 3391 1330 3440 Ger-

105 3493 168 3527 man.
183 3477 198 3528 l.
211 3478 422 3543 permanentes,
435 3478 550 3542 deceptus,
565 3479 676 3528 fastuosus
689 3477 714 3529 S.
728 3475 762 3536 S,
781 3477 934 3542 malignosus
947 3474 989 3541 gl,
1011 3475 1150 3525 medicosus
1163 3477 1199 3536 (n.
1212 3476 1263 3542 37),
1277 3493 1330 3526 me-

105 3579 175 3612 rosus
193 3565 297 3629 Agroet.
317 3565 428 3629 orthogr.
447 3565 531 3624 uinum,
550 3572 691 3614 montuosus
710 3563 744 3629 (n.
763 3562 817 3625 37),
842 3571 976 3627 putruosus
995 3559 1024 3611 C.
1043 3561 1114 3617 Aur„
1138 3559 1288 3629 querulosus
1306 3561 1332 3613 S.

102 3647 136 3707 S,
156 3648 250 3715 Porph.
270 3649 301 3698 ad
321 3649 381 3699 Hor.
401 3650 558 3713 (querelosus
577 3648 667 3715 Casa),
692 3648 840 3697 ridiculosus
865 3648 948 3705 l·licr.,
972 3646 1075 3703 Baete..
1099 3647 1231 3695 scabrosae
1253 3646 1330 3698 Prud.

104 3733 219 3794 Venant,
237 3737 367 3785 tabidosus
385 3735 463 3793 Tert,
487 3735 625 3785 tumidosus
646 3737 726 3786 dmm.
744 3731 815 3793 XXl,
837 3736 875 3795 10,
893 3734 918 3785 3.
955 3732 1021 3794 Quin
1041 3750 1055 3780 a
1071 3731 1179 3781 uerbis
1198 3732 1272 3781 etiam
1292 3733 1330 3782 in·

103 3820 194 3871 clinata
216 3821 240 3870 in
260 3838 364 3879 -osus,
387 3820 446 3870 licet
462 3832 489 3869 et
507 3820 571 3869 ratio
590 3827 716 3886 repugnet
733 3828 759 3868 et
778 3819 845 3869 Gell.
864 3820 909 3876 lll,
932 3819 962 3868 m
980 3819 1122 3884 improbare
1141 3817 1267 3876 uideatur,
1292 3818 1330 3866 in-

102 3906 237 3956 ueniuntur
255 3917 345 3972 tamen,
364 3922 410 3956 nec
429 3904 508 3954 solum
527 3904 561 3964 id,
588 3904 653 3970 quod
673 3903 716 3953 ille
735 3903 898 3953 rnirabundus
923 3903 989 3968 apud
1010 3901 1136 3968 Nigidium
1156 3910 1182 3950 et
1200 3902 1331 3952 Laberium

102 4001 257 4057 reppererat,
276 3994 419 4051 bibosus,
438 3990 483 4040 sed
502 3998 528 4041 et
546 3989 606 4050 alia,
630 3997 657 4039 ut
675 3989 821 4040 calcitrosus
841 3989 894 4040 Col.
908 3989 977 4040 Petr.
992 3988 1060 4054 Dig,
1079 3987 1208 4052 pruriosus
1221 3985 1248 4038 G.
1263 3991 1333 4048 Aur,

102 4077 241 4137 mordosus,
260 4105 293 4115 -
315 4079 366 4128 fors
389 4086 416 4128 et
437 4076 487 4127 alia
512 4075 617 4142 insuper
639 4092 667 4125 ac
692 4075 783 4139 partim
801 4075 903 4138 quidem
922 4073 1103 4138 antiquissima.
1139 4071 1250 4121 Residua
1268 4074 1333 4124 enim

101 4171 163 4211 sunt
175 4163 299 4228 quaedam
311 4164 337 4214 iu
357 4179 448 4213 -osus
466 4179 481 4210 a
499 4161 583 4211 uerbis
602 4159 731 4226 pleraque,
750 4167 778 4208 ut
795 4159 914 4208 uidentur
933 4158 1041 4223 quidem,
1060 4157 1178 4207 inclinata
1191 4158 1332 4222 significatu

103 4263 118 4296 a
136 4246 233 4298 ratione
251 4247 325 4298 huius
343 4246 517 4297 inclinamenti
535 4262 638 4312 prorsus
657 4245 817 4304 abhorrente,
836 4242 947 4309 quinimo
966 4245 992 4293 in
1010 4241 1198 4308 participiorum
1212 4260 1278 4308 pass.
1292 4244 1334 4295 uel

102 4331 295 4398 participialium
315 4332 339 4382 in
357 4340 448 4382 —atus
466 4339 510 4382 aut
527 4330 666 4382 uerbalium
685 4329 709 4379 in
729 4329 826 4380 -icius
845 4329 886 4380 uel
906 4330 996 4379 -iuus
1019 4327 1090 4393 qnasi
1113 4327 1168 4377 iura
1187 4329 1332 4388 inuadeute,

103 4424 131 4466 ut
147 4426 279 4484 septuosus
297 4417 351 4469 niu.
370 4415 448 4470 Andr.
466 4418 502 4467 itu
518 4425 625 4482 septaoae
643 4414 713 4466 dictio
731 4417 775 4464 obs
794 4423 814 4464 te
832 4413 903 4465 datur
923 4413 1006 4478 (Non.
1018 4429 1044 4478 p.
1059 4410 1126 4479 116),
1145 4412 1161 4465 i.
1181 4413 1286 4464 obscura
1300 4435 1332 4459 =
