2872 4852
575 294 857 369 -22*-

104 525 265 577 -accns
299 503 495 597 (-ccius),
529 498 675 576 -ieius
709 502 903 594 (-iceus):
939 452 1189 599 gallinacius¹‚
1224 507 1330 580 hede-

104 636 263 729 raceus2,
299 641 505 726 lilioeius3
538 678 589 690 -
621 633 836 730 aedilicius&
866 646 1125 734 cespilr'ciuc,
1155 644 1329 738 fornoli-

103 781 221 866 cz'om,
264 776 567 871 gerritnltcine,
613 772 837 867 iratalicius4,
891 779 1073 870 patricius,
1116 780 1330 872 pellicina,

104 911 427 1001 Saturnalicius,
456 912 762 1007 sigillarium,
790 914 976 1007 toficios,
1005 912 1252 1006 tribunicius⁵;
1280 957 1332 969 -

103 1045 375 1140 adscnpticiusfi,
402 1046 668 1140 crrbditc‘cc'oc,
705 1044 1024 1142 tracteticinc‘).

104 1335 232 1398 ficulneas,
247 1363 277 1372 -
291 1335 390 1401 ilignus,
409 1332 526 1400 iligneus,
540 1363 571 1371 -—
585 1334 705 1401 salignas,
724 1335 859 1402 saligneus,
878 1336 928 1398 all,
946 1337 1062 1388 breuiore
1080 1337 1160 1388 forma
1177 1337 1232 1389 fere
1250 1341 1333 1405 poetis

104 1421 183 1487 magis
201 1429 332 1487 usurpata,
354 1427 382 1469 ut
400 1420 521 1480 eburnus,
544 1437 661 1486 quernus.
697 1420 768 1472 Haec
786 1421 868 1473 omnia
885 1422 927 1472 nel
946 1423 1026 1490 magis
1044 1439 1117 1488 quam
1136 1422 1179 1474 illa
1197 1425 1332 1490 superiora

103 1505 129 1557 in
147 1523 226 1556 -eus
244 1504 317 1572 (quae
337 1504 525 1556 —n·elemento
544 1505 640 1574 carent)
658 1507 817 1574 strictiusque
836 1509 1014 1560 materialia
1031 1509 1133 1570 dixeris,
1150 1508 1246 1578 quippe
1265 1526 1331 1577 quae

103 1592 166 1644 nihil
183 1592 290 1659 amplius
308 1591 361 1642 fere
379 1591 529 1657 significent,
548 1611 621 1659 quam
639 1593 759 1645 materiae
777 1611 866 1662 genus,
885 1611 916 1646 ex
934 1610 984 1660 qua
1001 1611 1042 1646 res
1059 1601 1104 1645 aut
1121 1596 1150 1659 a)
1170 1594 1287 1646 confecta
1299 1595 1333 1646 ait

103 1677 218 1745 (marrini
239 1677 330 1729 calices
353 1675 380 1729 C.
401 1676 460 1728 Ver.
482 1676 496 1727 1
522 1677 553 1741 1.)
576 1686 620 1728 aut
642 1680 668 1744 t)
692 1688 805 1731 mutuata
827 1680 921 1731 habeat
943 1679 1063 1740 colorem,
1089 1686 1118 1730 ut
1139 1679 1225 1731 cerina
1248 1697 1332 1746 pruna

104 1763 182 1823 Plin.,
204 1762 333 1829 ferrugine
357 1761 414 1813 uela
432 1762 518 1822 Lucu,
540 1762 711 1831 ferrugineum
733 1765 861 1833 palliolum
879 1765 961 1816 Plaut.
980 1765 1036 1825 all,
1060 1765 1126 1832 apud
1149 1772 1248 1817 nostros
1268 1781 1290 1818 e.
1310 1782 1331 1818 o.

104 1850 230 1902 coccinum
248 1850 359 1916 pallium,
378 1848 493 1900 coccinea
513 1848 632 1916 chlamys,
653 1878 683 1888 -
708 1850 815 1916 denique
834 1852 875 1915 bb)
896 1850 917 1901 si
935 1869 950 1901 a
968 1849 1057 1901 coloris
1075 1849 1189 1900 deriuata
1206 1858 1267 1901 sunt
1285 1867 1331 1901 uo·

103 1936 199 1996 cabulo,
218 1935 326 1987 colorem
344 1941 517 2001 temperatum,
540 1943 568 1985 ut
585 1935 699 1987 albineus
718 1935 789 1996 Pall,
807 1935 923 2002 galbinos
942 1936 1005 2003 ch.
1024 1934 1127 2002 (tunica)
1145 1953 1170 1988 ιι.
1188 1936 1331 2003 galbinaus,

103 2040 119 2072 a
135 2021 225 2088 gelbus
247 2002 361 2089 χλωρός
379 2020 455 2087 gloss.
1034 2049 1037 2056 ι

207 2109 233 2174 1)
256 2107 284 2161 C.
302 2107 372 2160 Pert.
393 2107 432 2170 12,
449 2106 475 2168 6,
493 2105 570 2155 suhst
591 2106 647 2157 Val.
665 2124 704 2173 ap.
723 2106 755 2159 V.
775 2107 835 2159 Aur.
854 2106 879 2166 9,
897 2106 941 2160 6..
960 2136 994 2144 -
1016 2107 1043 2173 2)
1063 2107 1094 2160 V.
1113 2107 1174 2158 Aur.
1193 2108 1235 2172 49,
1254 2109 1279 2163 7.
1300 2137 1331 2146 -

102 2194 129 2263 3)
147 2196 174 2247 G.
193 2196 252 2245 Ant.
272 2193 319 2244 Ph.
340 2193 379 2256 10,
397 2193 438 2244 3..
456 2221 489 2229 -
511 2192 537 2260 4)
557 2191 599 2257 Sp.
618 2192 695 2242 Hadr.
714 2192 740 2251 8,
758 2192 782 2243 2.
801 2221 834 2229 —
858 2193 885 2256 5)
903 2209 926 2245 e.
946 2208 967 2242 c.
985 2199 1096 2259 potestas
1115 2191 1144 2246 C.
1164 2193 1224 2246 Ver.
1242 2194 1270 2256 4,
1290 2195 1330 2247 1..

102 2310 137 2318 -
155 2280 182 2346 6)
201 2280 243 2330 Tr.
262 2297 319 2338 xxx,
340 2279 379 2339 18,
400 2279 428 2328 11
450 2277 514 2342 qood
530 2277 815 2345 nullum'adacreptlcium
833 2277 860 2328 r'cl
876 2289 911 2329 eet
927 2288 1050 2329 uocantem
1069 2279 1170 2330 lateret.

204 2363 229 2430 *)
265 2365 404 2417 Adiectiuie
427 2363 451 2414 in
476 2358 554 2415 -i'aus
577 2371 603 2415 et
625 2362 736 2427 -·(i)uns
758 2380 899 2429 congeneis
922 2374 980 2415 sunt
1002 2365 1127 2416 adiectiua
1154 2365 1179 2416 iu
1204 2384 1330 2417 -aceua

103 2450 225 2518 (-acius)
248 2459 274 2501 et
296 2449 503 2514 (denominatiua)
527 2449 552 2499 in
575 2448 688 2498 -iciua'
711 2448 815 2511 (rariusc
842 2449 959 2514 —iceus).
1001 2449 1031 2504 lu
1057 2468 1183 2501 -ecens
1206 2469 1220 2502 e
1243 2461 1330 2504 uetare

104 2537 230 2589 latinitate
248 2537 315 2587 haud
333 2536 368 2587 ita
385 2535 464 2587 multa
480 2535 639 2586 innotescunt
656 2534 694 2601 (ut
712 2536 838 2594 betaceus,
856 2535 985 2595 serracina,
1003 2535 1215 2603 gallinaceus,
1234 2538 1329 2589 hede-

103 2635 220 2683 raceus,
239 2622 402 2682 hordeaceus,
420 2621 546 2683 loliaceua‚
564 2628 714 2679 mustaceus,
732 2620 875 2688 uinaceus);
894 2619 1001 2686 amplius
1016 2620 1054 2671 his
1067 2628 1163 2671 tantum
1183 2623 1227 2672 uui
1239 2640 1329 2690 accep-

103 2717 154 2758 tum
173 2707 304 2759 referimus
321 2706 418 2767 Plinio,
441 2713 479 2756 ter
501 2714 598 2756 mutum
621 2705 673 2755 sere
695 2722 789 2756 aeneae
812 2705 902 2756 aetatis
921 2707 1098 2773 scriptoribus,
1117 2725 1217 2773 -quo
1236 2707 1262 2761 in
1282 2726 1328 2760 un-

102 2810 172 2845 mero
190 2790 316 2843 ‘tiliacius’
335 2791 484 2858 Capitolino.
528 2792 597 2841 llaec
621 2790 745 2841 adiectina
767 2807 821 2840 cnm
844 2791 983 2856 significatu
1005 2791 1152 2857 plerumque
1175 2809 1231 2843 cum
1251 2793 1329 2846 -ἓιιι

103 2880 178 2930 linitis
196 2879 377 2946 congruentia
397 2896 485 2939 unum,
508 2878 592 2943 aliqua
614 2893 675 2927 eane
693 2876 781 2928 horum
800 2877 868 2937 ideo,
891 2876 956 2943 quod
977 2893 1054 2927 -cua
1072 2876 1188 2927 suffixum
1208 2879 1329 2932 uocalitas

102 2984 151 3017 non
170 2973 305 3033 pateretur,
323 2965 348 3024 in
369 2981 475 3015 -aceus
494 2969 646 3029 paregogatn
664 2978 720 3013 esse
738 2962 863 3021 uidentur,
881 2969 971 3028 utputa
989 2962 1144 3013 hordeaceus
1164 2963 1220 3029 (pro
1239 2965 1329 3016 horde-

103 3050 179 3119 -eus)‚
198 3051 333 3101 miniaceus
351 3049 425 3110 Vita,
443 3049 570 3100 coriaceus
588 3050 675 3104 Arum,
695 3073 728 3083 —
751 3045 800 3096 alia
818 3046 936 3096 utrolibet
953 3046 1070 3098 inclinata
1088 3055 1132 3097 aut
1149 3049 1246 3114 pariter
1263 3067 1328 3101 com·

103 3143 200 3203 parent,
219 3143 247 3184 ut
265 3141 376 3185 musteus
395 3141 421 3184 et
437 3141 579 3184 mustaceus
598 3130 662 3189 Cat,
682 3130 780 3179 latreus
798 3137 825 3180 et
842 3130 962 3182 larracius
975 3131 1058 3193 Vari,
1077 3140 1121 3183 aut
1137 3133 1246 3186 diuersis
1264 3143 1327 3187 tem-

103 3222 218 3288 poribus,
239 3227 268 3269 ut
286 3219 401 3269 charteus
420 3220 506 3278 Vara,
528 3217 673 3266 chartaceus
692 3214 765 3280 hig,
783 3243 816 3253 —
834 3222 961 3285 testaceus
979 3224 1054 3277 antt,
1075 3225 1171 3269 testeus
1189 3218 1280 3281 Maca,
1299 3220 1327 3272 0.

103 3306 163 3357 Aur.
173 3305 218 3364 lv,
227 3303 252 3364 2,
261 3304 295 3354 23
305 3303 347 3363 al.,
357 3302 432 3354 Prud.
455 3302 603 3368 Significant
612 3317 693 3366 porro,
708 3301 772 3351 sicut
781 3299 832 3361 illa,
845 3301 880 3351 ita
892 3302 954 3351 haec
966 3319 1064 3368 quoque
1076 3302 1274 3365 similitudinem,
1287 3304 1327 3356 uel

103 3392 204 3451 formae,
214 3388 417 3456 utampullacens
427 3387 480 3440 Col.
491 3386 566 3446 Plin.,
575 3384 728 3452 capillaceus
737 3385 803 3437 Plin.
815 3387 1017 3453 (conturberis),
1027 3388 1182 3439 furfuraceus
1194 3389 1268 3456 Fulg.
1279 3389 1326 3456 (te-

103 3474 244 3527 rebramine
253 3475 396 3539 tinearum),
408 3473 449 3524 nel
462 3473 537 3523 ctiam
547 3471 644 3531 coloris,
658 3478 685 3521 ut
694 3470 820 3522 uiolnoeus
830 3470 895 3524 Pliu.
905 3471 987 3532 XXII,
1000 3473 1041 3536 21,
1050 3473 1083 3524 47
1098 3473 1173 3538 (ixiae
1183 3473 1247 3542 flos),
1261 3475 1325 3527 suci-

101 3577 193 3613 naceus
205 3559 265 3612 laid.
277 3558 391 3627 (uiuum),
403 3587 432 3596 -
446 3565 472 3609 et
483 3557 519 3608 sic
528 3557 628 3623 Vopisc.
642 3556 761 3607 calceos
774 3556 948 3607 hederacios
961 3559 1032 3611 dixit.
1060 3559 1115 3611 Non
1129 3567 1212 3612 umen
1225 3561 1251 3612 in
1264 3562 1327 3612 hanc

103 3646 258 3713 potissimum
276 3644 490 3711 significationem,
508 3649 537 3692 ut
553 3641 701 3708 quibusdam
719 3642 807 3693 uisum
819 3650 866 3704 est,
885 3649 928 3693 aut
945 3643 1099 3695 consuetudo
1116 3646 1140 3696 iu
1159 3645 1199 3697 his
1217 3646 1327 3714 antipae

102 3730 247 3784 inclinabuli
265 3748 288 3797 q.
307 3745 330 3782 e.
349 3745 424 3780 accus
442 3735 532 3779 natura
549 3726 681 3793 procliuior
699 3736 746 3788 est,
765 3729 814 3778 imo
833 3737 858 3778 et
878 3745 1004 3779 -cceus
1022 3737 1056 3789 et,
1079 3730 1145 3794 quod
1163 3730 1239 3783 latins
1258 3739 1327 3800 patet

103 3835 157 3878 usu,
179 3815 293 3865 -iciue
316 3813 378 3865 nihil
400 3812 467 3864 aliud
486 3813 585 3879 proprie
604 3812 756 3879 significant,
779 3831 852 3879 quam
875 3831 889 3864 a
911 3831 959 3880 quo
978 3814 1072 3880 aliquid
1094 3815 1128 3866 sit
1145 3817 1325 3882 proiecticiam.

103 3901 212 3954 Proinde
223 3899 401 3952 inclinabulum
420 3917 443 3963 q.
457 3915 488 3948 a:
497 3916 585 3949 occos
602 3916 654 3951 non
667 3898 748 3960 modo,
766 3908 795 3948 ut
807 3899 907 3960 assolet,
926 3916 977 3966 qua
988 3900 1047 3965 quid
1060 3901 1165 3952 aratoria
1178 3901 1325 3962 confectum,

103 3990 148 4041 sed
166 3989 241 4039 etiarn
259 3986 392 4052 designare
409 3992 505 4052 potest,
531 4003 579 4052 quo
602 3984 696 4051 aliquid
715 3985 879 4036 instrumento
897 3986 1051 4052 constiterit,
1073 3994 1102 4037 ut
1119 3987 1232 4038 furnacei
1251 4003 1325 4055 panes

103 4075 168 4126 Plin.
191 4073 216 4141 (i.
234 4090 255 4124 e.
273 4073 298 4123 in
317 4072 401 4131 furno,
425 4088 471 4138 ope
490 4072 558 4123 lurni
576 4071 713 4138 percocti),
735 4071 821 4122 itidem
844 4071 953 4122 focacius
976 4071 1045 4137 panis
1063 4070 1138 4132 Isid.‚
1157 4100 1190 4109 -
1209 4072 1325 4124 for-mecei

103 4160 213 4227 parietes
232 4159 306 4218 Plin.,
325 4156 436 4208 alutacea
454 4158 527 4225 pellis
545 4158 622 4209 Marc.
643 4157 714 4222 Emp.
734 4156 759 4223 (i.
777 4173 800 4208 e.
820 4155 934 4207 aluminis
951 4173 998 4222 ope
1016 4157 1136 4222 subacta).
1162 4157 1204 4208 Ad
1222 4160 1325 4209 eandem

43 4256 47 4264 '
104 4245 225 4296 rationem
243 4272 275 4283 -
293 4260 369 4295 accus
386 4243 457 4295 finita
475 4244 550 4295 etiam
569 4243 711 4310 significare
729 4249 842 4309 possunt,
860 4241 926 4308 quod
944 4242 976 4292 ad
994 4258 1073 4307 genus
1085 4242 1178 4308 aliquid
1191 4243 1324 4310 pertineat,

103 4338 131 4380 ut
148 4328 262 4380 deriuata
279 4330 311 4380 ab
329 4329 460 4381 adiectiuis
477 4327 502 4379 in
520 4326 610 4380 -luus
628 4329 824 4396 gallinaceus
843 4328 868 4392 (i.
887 4345 908 4378 e.
928 4327 1028 4392 generis
1045 4327 1142 4394 gallini)
1161 4335 1186 4378 et
1204 4329 1323 4381 columbi·

104 4433 197 4470 naeeua
219 4416 247 4467 0.
265 4416 328 4467 Aac.
354 4414 445 4479 pullus.
481 4414 562 4466 Vnum
587 4415 714 4466 residuum
739 4421 778 4465 est
800 4414 825 4465 iu
849 4430 958 4466 -eceus
980 4411 1124 4464 insolentius
1147 4422 1173 4465 et
1189 4414 1257 4466 haud
1276 4414 1325 4466 scio
