2872 4852
587 291 639 305 ..
691 248 843 368 91⁰..

108 452 142 527 0.
165 455 246 527 Aut.
272 454 337 527 Ph.
372 454 406 548 1,
436 457 457 526 2
482 459 577 549 poter
603 456 730 527 Auulccs
753 455 850 529 Verus
875 464 934 551 qui
950 465 984 529 iu
999 463 1160 553 pecctore
1185 461 1328 554 decessit,

106 614 181 663 aurs
204 592 288 664 Arm,
325 589 427 663 Verres
453 595 568 662 itecccoc
595 592 711 664 cousut
735 596 768 664 ct
788 596 896 686 precli
925 592 1002 665 uelli
1033 593 1112 690 (pro
1149 598 1213 670 ‘bis
1247 618 1327 670 con-

94 705 171 820 sul,
198 729 290 820 quod
328 730 444 819 ipsum
478 729 523 802 ib.
558 750 584 801 s.
615 730 637 800 3
671 727 826 823 legitur).
889 730 1013 802 Itidem
1046 733 1152 803 tertio
1185 739 1331 823 proter

106 865 367 958 suau.,au1g.
396 864 446 937 M.
474 867 518 957 Π,
552 867 612 938 13.’
663 866 857 938 Alteram
885 867 1082 959 enallagen,
1120 871 1327 942 contrariam

105 1004 160 1096 illi7
186 1003 391 1095 Spartianus
418 1003 598 1094 aliquoties
626 1005 806 1093 expressit,
835 1008 874 1073 ut
899 1004 1006 1076 Hadr.
1040 1006 1071 1096 l,
1102 1006 1124 1076 3
1159 1007 1257 1077 scotres
1281 1011 1330 1078 est

113 1138 295 1235 lassemuo
321 1143 476 1233 septies
502 1143 534 1211 el
562 1139 631 1211 Tito
656 1145 879 1235 quinquies
906 1140 1101 1233 auctoralibus,
1132 1143 1165 1233 3,
1196 1144 1213 1213 1
1250 1139 1328 1214 Τνα-

107 1282 173 1349 uuo
197 1279 314 1372 quater
341 1278 375 1347 cl
399 1276 572 1348 Articuleio
598 1297 687 1367 coss,
715 1279 799 1347 item
823 1278 870 1350 ib.
897 1298 923 1348 s.
955 1277 988 1368 8,
1019 1278 1096 1351 Seu.
1130 1281 1160 1370 1,
1192 1280 1213 1350 3
1242 1278 1327 1350 Eru-

107 1419 149 1486 cio
170 1412 219 1486 us
244 1418 277 1485 et
305 1412 426 1484 Seuero
452 1435 544 1505 coss,
572 1452 623 1465 -
650 1420 686 1485 et
711 1412 866 1485 referunt
893 1414 1012 1486 eadem
1047 1418 1152 1488 etiam
1179 1417 1238 1488 alii
1265 1437 1328 1506 per

109 1550 158 1622 illa
179 1557 340 1640 tempora
367 1551 568 1642 complures,
597 1556 637 1622 ut
662 1551 779 1622 Laot.
809 1556 909 1622 mort.
939 1573 1070 1641 perseo.
1100 1553 1166 1644 48,
1201 1545 1325 1624 1066-

110 1690 237 1760 stoatiuo
264 1690 364 1781 utque
390 1692 460 1780 ipso
487 1689 548 1758 ter·
574 1686 769 1777 consulibua,
798 1687 926 1758 Amm.
956 1689 1049 1780 XVI,
1083 1691 1115 1781 l,
1148 1692 1167 1760 1
1202 1712 1327 1761 ucou·

86 1825 167 1896 ‘aa
187 1827 325 1898 octies
358 1823 517 1920 targosa,
546 1824 640 1915 XIV,
672 1824 735 1914 10,
770 1825 787 1894 1
827 1816 1033 1895 Coccstuulius
1066 1826 1236 1896 coccsutotu
1269 1848 1328 1897 suo

112 1965 250 2056 septies
277 1963 311 2032 el
340 1961 488 2031 Caesaris
522 1965 583 2032 ter
623 1959 797 2031 Voluclioue
828 1961 911 2052 uelit
942 1965 976 2028 iu
1010 1960 1208 2031 Alamouuos
1234 1982 1329 2031 ocuco

116 2101 259 2190 asterus,
292 2097 427 2189 XXIII,
465 2097 501 2185 1,
535 2098 551 2167 1
588 2095 740 2167 lulc'ouus
773 2095 895 2166 adscito
921 2101 955 2165 iu
996 2096 1169 2193 collegium
1198 2094 1329 2167 trabeae

121 2230 254 2307 Sallustio
290 2237 438 2328 quotes·
469 2238 538 2326 ipse
572 2234 808 2326 oucplissiouuou
842 2236 962 2304 iuiecot
994 2237 1248 2329 euogcstc·ulccuc;
1289 2232 1326 2305 Ο.

116 2368 225 2445 Ilteod.
256 2371 318 2462 XI,
350 2370 408 2461 28,
437 2370 460 2440 l.
491 2369 512 2440 9
555 2368 713 2458 (Honorii
741 2375 778 2441 et
804 2367 951 2462 Theod.)
979 2391 1081 2463 usque
1106 2370 1152 2440 od
1175 2370 1289 2441 coccsul
1311 2410 1325 2421 -

110 2507 166 2578 lau
190 2511 404 2579 inuictissiuoi
428 2504 564 2576 Honorii
584 2509 702 2600 poterii
727 2513 791 2576 cccci
822 2509 975 2599 septies
1002 2509 1033 2577 ct
1058 2529 1162 2577 arerem
1196 2509 1325 2597 ilerum,

109 2643 211 2718 itib.
246 2645 270 2716 1.
302 2644 344 2733 83
389 2641 547 2734 idemque
580 2644 749 2732 praebent
782 2643 920 2732 instra,
960 2646 1000 2711 ut
1026 2642 1117 2731 apud
1149 2642 1251 2714 Rossi
1282 2643 1328 2713 14

109 2777 189 2872 (119
215 2802 250 2871 p.
281 2779 338 2873 (l.)
368 2777 467 2850 Nouio
499 2776 638 2849 Potesoo
663 2775 705 2847 bi
710 2800 726 2846 s
759 2776 888 2847 consule
923 2776 1044 2868 [simili
1079 2775 1326 2867 quadamtenus

109 2918 254 3010 enallage
280 2917 372 2989 Viet.
403 2915 441 2988 O.
471 2918 529 3007 27,
560 2916 581 2986 8
611 2918 714 3008 peciit
745 2917 898 2984 seacucu'o
934 2919 1072 3005 imperii,
1108 2933 1187 3003 pro:
1229 2918 1327 2986 sexto

110 3051 213 3149 auno).

561 3271 826 3283 Weaeaewmu
829 3271 862 3281 m

206 3860 237 3931 1.
280 3857 443 3948 Sequitur
457 3854 559 3926 iudex
573 3853 899 3943 uocabulorum,
916 3872 1002 3942 quae
1017 3871 1093 3921 oum
1107 3851 1176 3923 iam
1190 3849 1327 3941 quidem

104 4000 200 4067 aute
226 3974 399 4067 austros
427 3992 517 4083 apud
543 3992 638 4080 alios²
668 3988 741 4060 sed
759 3988 1110 4059 Goesoceouoruuc
1135 3987 1208 4058 iere
1235 3988 1326 4055 lem·

100 4151 238 4224 porum
279 4132 465 4221 scriptores
503 4130 722 4199 inueniuntur
755 4147 818 4197 usu
858 4130 998 4214 recepta
1032 4124 1258 4214 prouectioris
1292 4125 1328 4192 et

102 4268 178 4358 ipsa
203 4290 278 4342 esse
304 4267 465 4339 uidentur
489 4266 698 4337 Latiuitatis.
752 4261 886 4332 Horum
912 4282 1132 4353 quaeeunque
1158 4281 1226 4331 non
1252 4261 1328 4350 ipsa
