2872 4852
605 279 885 360 -aur-

191 437 202 470 Ι

133 478 576 584 -tor·i1is(-trio-ius):
604 493 790 566 amatorius
803 490 824 584 ¹,
850 492 1125 583 auditorium,
1146 490 1320 562 censorius
1328 485 1355 582 ²,

134 628 429 718 coenatoriae,
458 625 851 720 deambulatorium,
880 622 1149 720 deuersoriumi,
1176 647 1354 721 eurupa-

135 765 334 854 rutoru'ur,
359 761 622 859 fidiatorr‘ur,
651 762 909 856 gladiatorius4,
933 765 1261 862 gratulatorias,
1290 764 1355 834 im-

134 895 360 990 peratorius⁵‚
389 900 599 992 lusorius,
628 899 924 993 meretriciusss,
952 897 1200 991 meritorium⁷,
1230 921 1355 996 aego-

136 1037 349 1126 tr'utorr’or,
391 1039 580 1129 notoria,
621 1036 855 1130 praetoriuass,
897 1033 1152 1131 quaestorius⁹‚
1194 1031 1358 1131 †repo-

136 1168 365 1263 storium10,
393 1173 628 1267 senatoriusss,
655 1179 975 1271 suppositorium
1004 1167 1218 1264 tentoriusffl,
1237 1175 1358 1243 tran-

136 1509 279 1560 auotoribus
303 1510 415 1576 cognitas
438 1511 545 1577 amplius
568 1519 727 1564 trecentas
749 1512 987 1579 qninquaginta,
1015 1528 1064 1577 quo
1091 1511 1117 1563 in
1139 1528 1243 1562 numero
1266 1519 1324 1562 suut
1346 1527 1361 1560 a

136 1594 227 1644 nostris
250 1595 336 1660 primis
358 1595 504 1662 triginta,
530 1596 572 1662 qui
595 1605 726 1663 praeterea
747 1600 802 1665 plus
825 1600 907 1648 minus
932 1597 1084 1648 recentiores
1108 1605 1297 1662 usurpaueruut
1319 1596 1359 1648 23.

137 1677 201 1728 Item
218 1679 391 1745 originationis
410 1681 483 1746 plane
502 1682 590 1732 eadem
608 1691 646 1733 est
664 1683 726 1733 ratio
748 1685 868 1750 (itemque
886 1701 901 1732 a
919 1683 1016 1734 ratione
1035 1681 1153 1747 deflexio)
1176 1682 1200 1732 in
1222 1681 1262 1732 his
1287 1689 1361 1747 atque

137 1763 163 1813 iu
174 1763 256 1815 —alis
268 1765 351 1817 finitis.
376 1765 466 1831 Itaque
482 1767 581 1819 -arius
593 1768 664 1819 finita
682 1769 782 1835 proprie
800 1787 829 1820 ae
847 1769 957 1834 legitime
969 1767 1084 1820 inclinari
1097 1767 1181 1818 solent
1193 1786 1208 1818 a
1222 1768 1360 1818 nominibus

138 1850 308 1911 substantiuis,
319 1881 352 1888 -
362 1860 469 1917 suntque
480 1853 554 1904 etiarn
566 1854 592 1904 iu
601 1854 640 1905 his
650 1855 771 1919 quaedam
781 1855 895 1905 deriuata
904 1873 920 1904 a
929 1853 1070 1904 nominibus
1080 1853 1221 1913 abstractis,
1234 1861 1263 1904 ut
1273 1852 1360 1904 solita·

138 1935 188 1985 rius
202 1934 329 2003 (solitas),
342 1938 520 2003 proprietarius
534 1939 602 2006 vig.
614 1968 645 1977 -
659 1939 862 2007 promptamne,
874 1938 1082 2004 sumptuariae„
1097 1967 1128 1975 -
1146 1938 1361 1989 confoederarius

139 2020 213 2074 inser.
233 2021 277 2075 Or.
296 2021 364 2072 3672
383 2022 443 2089 (340
460 2043 485 2091 p.
505 2025 550 2092 0.).
586 2025 767 2091 Nonnunquam
791 2033 873 2076 tamen
895 2024 959 2074 haee
977 2039 1076 2090 quoque
1093 2043 1109 2074 a
1125 2023 1212 2075 formis
1231 2022 1362 2075 adieetiuis

138 2106 257 2158 inclinata
273 2115 339 2170 eunt,
357 2116 386 2158 ut
397 2110 516 2171 albarius,
534 2110 708 2175 hellarium,
727 2111 887 2178 duplicarius,
906 2109 1087 2169 sacrarium,
1107 2127 1126 2163 r.
1139 2109 1269 2175 plenarius
1282 2110 1362 2160 Amm.

139 2191 200 2246 Cod.
217 2194 298 2254 Just,
324 2196 501 2247 automatarius
519 2205 545 2246 et
563 2197 718 2247 recentariue
736 2197 824 2256 insen,
842 2197 1091 2264 jmansuetarius,
1110 2225 1144 2234 -
1166 2195 1202 2247 ita
1219 2195 1308 2257 etiam,
1326 2202 1361 2254 ut,

137 2278 210 2342 quasi
227 2296 363 2346 paragoge,
382 2281 500 2331 adieetiui
518 2281 640 2346 primitiui
657 2278 863 2348 significationem
882 2288 977 2332 tautum
995 2299 1044 2332 uon
1063 2281 1179 2341 referant,
1199 2289 1226 2331 ut
1244 2280 1360 2347 frequen·

137 2365 217 2416 tarius
235 2365 262 2431 (i.
280 2384 304 2431 q.
322 2367 440 2432 frequens
459 2366 488 2417 P.
504 2367 571 2420 Diae.
587 2386 610 2434 p.
623 2366 677 2430 93),
696 2368 844 2419 ferentarius
863 2367 898 2431 (u.
912 2367 1020 2417 Corsseu
1038 2384 1063 2434 p.
1080 2367 1147 2431 178),
1166 2365 1363 2433 praesentarius,

139 2467 158 2500 r.
177 2450 305 2516 plenarius
324 2452 421 2502 Idnuod.
439 2452 552 2503 Cassiod.
569 2453 619 2511 alt,
638 2452 836 2517 qmittendarius
856 2452 884 2503 0.
903 2450 999 2502 Theod.
1019 2450 1062 2518 (al.
1081 2451 1319 2502 subscribendarins
1336 2451 1363 2502 0.

139 2533 184 2586 rh.
202 2536 219 2588 i.
238 2538 280 2603 qui
298 2538 330 2589 ad
349 2537 553 2589 subscribendum
572 2539 661 2589 adesse
680 2539 757 2589 debet
774 2537 898 2598 officialia,
916 2535 1100 2587 referendarius
1113 2536 1142 2588 0.
1155 2535 1238 2603 Just).
1267 2535 1363 2587 Eodem

140 2621 213 2672 mode
240 2623 460 2675 aduerbiorum
488 2623 625 2674 sententias
652 2623 768 2674 referunt
797 2623 822 2672 in
850 2623 952 2674 formam
980 2620 1205 2670 adnominulem
1231 2621 1364 2672 translatas

138 2707 253 2759 deriueta
271 2710 394 2775 quaedem
413 2709 445 2758 ab
465 2707 600 2768 adnerbiie,
619 2717 647 2760 ut
664 2709 878 2767 aduersarius,
897 2705 1086 2765 contrarius,
1106 2705 1238 2764 extrarius,
1255 2722 1364 2756 neees-

140 2794 255 2854 sarius,
278 2795 522 2846 maledictionibus
541 2794 736 2855 adnerbialibus,
759 2802 788 2844 ut
811 2790 1090 2844 extraordinarius.
1126 2789 1240 2855 Denique
1259 2790 1334 2840 etiarn
1351 2807 1366 2838 a

140 2879 247 2930 uerbis
265 2880 384 2931 inclinate
402 2881 427 2931 iu
446 2881 554 2931 -arius
573 2887 674 2930 exstant
691 2879 809 2930 nonnulla
831 2878 944 2944 (perinde
963 2885 1037 2942 atque
1054 2876 1079 2925 iu
1100 2875 1180 2925 -alis
1198 2883 1225 2924 et
1242 2882 1365 2940 potestate

143 2965 236 3031 parili),
255 2974 300 3017 aut
316 2985 331 3016 a
348 2975 414 3032 pert.
433 2967 497 3032 perf.
516 2975 545 3017 ut
562 2966 693 3016 fractarius
711 2965 786 3024 Pliu,
805 2973 849 3014 aut
866 2982 881 3013 a
899 2979 981 3030 praee.
1000 2970 1028 3011 ut
1046 2961 1215 3026 praecidarins
1233 2961 1269 3014 M.
1290 2961 1365 3017 viat,

145 3078 174 3087 -
195 3059 222 3101 et
240 3051 340 3117 quidem
359 3051 544 3118 significatione
562 3059 605 3100 aut
622 3051 784 3107 aetiualia‚
809 3057 836 3099 ut
854 3047 1009 3099 collectarius
1027 3047 1081 3097 lcii
1099 3046 1192 3113 Symm.
1211 3048 1288 3113 Aug„
1307 3063 1364 3098 eou-

142 3136 272 3195 seetarius,
290 3136 418 3185 ductarius
438 3136 500 3188 Vitr.
521 3136 616 3202 (funis),
635 3134 790 3184 effractarius
808 3132 878 3191 Seu..
896 3132 1022 3182 misterius
1041 3132 1129 3194 Lucil„
1147 3133 1300 3194 notarius,
1324 3149 1365 3198 pa·

141 3220 223 3271 rarius
245 3219 354 3286 (perere)
378 3219 450 3280 Seu,
475 3220 594 3286 podardus
618 3219 730 3284 (pedere,
753 3219 784 3270 ef.
803 3217 869 3270 Gell.
889 3215 938 3278 111,
959 3217 1014 3281 18),
1037 3219 1212 3284 perpetuarius
1231 3218 1289 3271 Seu.
1308 3218 1365 3285 Dig.

141 3306 300 3372 (perpetuare
317 3304 429 3372 aliquid),
451 3304 610 3356 refractarios
629 3301 883 3368 torrefactum:
902 3302 1045 3369 refragari),
1069 3303 1158 3354 rorarii
1177 3305 1292 3369 (rorare),
1316 3311 1365 3353 sta·

141 3389 228 3448 tarius,
249 3418 279 3426 -
298 3398 342 3440 aut
359 3389 548 3456 passiualiu,
570 3397 598 3439 ut
615 3387 765 3446 cruciarius,
790 3388 901 3438 datarius
919 3388 1002 3439 Plaut.
1022 3389 1119 3454 (salus),
1138 3390 1288 3440 directarius
1306 3388 1366 3446 1011,

142 3476 338 3536 emissarius,
357 3475 490 3526 locatarius
509 3474 555 3539 (gl.
575 3474 590 3536 ὁ
613 3472 798 3555 μισθούμενος
816 3473 832 3523 i.
851 3491 873 3525 e.
893 3474 932 3525 eui
950 3474 1066 3539 locatur),
1090 3474 1230 3540 paratarius
1248 3473 1322 3541 Apio.
1341 3472 1366 3537 (i.

142 3596 165 3643 q.
185 3577 328 3644 parabilis),
352 3578 509 3629 remissariue
527 3577 590 3626 Cato
608 3573 720 3639 (uectis),
745 3575 918 3627 subhastariua
941 3575 968 3628 0.
988 3576 1083 3630 Theod.
1103 3576 1295 3645 (possessiones)
1318 3576 1367 3640 eli,

142 3663 232 3729 quibus
255 3663 352 3714 aceedit
372 3662 496 3713 nouioium
518 3661 585 3728 apud
608 3668 705 3711 nostros
724 3661 892 3726 passurine
916 3664 950 3729 (p.
970 3663 1046 3723 fieus,
1069 3663 1135 3714 sieut
1157 3681 1196 3729 ap.
1221 3664 1304 3717 Plaut.
1328 3661 1366 3713 alt.

144 3748 236 3799 dieitur
254 3766 303 3799 uua
322 3749 416 3816 passa).

250 3886 271 3952 l)
295 3885 322 3938 0.
341 3884 442 3936 Maxim.
467 3885 507 3942 29,
529 3885 560 3934 10
586 3911 620 3922 -
642 3884 668 3947 2)
691 3883 719 3934 0.
737 3883 804 3934 Part.
826 3884 865 3943 15,
886 3885 960 3943 1,-
984 3884 1052 3937 Max.
1072 3884 1145 3935 Balb.
1163 3884 1223 3945 do
1247 3885 1296 3936 eiua
1319 3901 1367 3936 oee-

143 3972 232 4023 aoru'um
250 3972 459 4038 praefecturam..
477 3999 510 4009 -
532 3971 558 4039 3)
581 3971 610 4022 L.
634 3969 674 4022 Al.
699 3972 742 4030 54,
764 3971 789 4022 4.
810 3998 840 4007 -
863 3969 890 4037 4)
913 3969 941 4020 L.
960 3971 1053 4022 Corum.
1071 3971 1096 4028 4,
1117 3970 1149 4020 10
1171 3978 1197 4021 et
1218 3971 1320 4036 passim.
1338 3996 1368 4008 -·

143 4057 170 4124 ὅ)
188 4056 232 4124 Sp.
251 4057 309 4110 Seu.
329 4059 370 4120 14,
388 4057 404 4107 3
422 4056 552 4122 iusiyuiu..
571 4084 604 4094 -
622 4056 648 4123 6)
669 4057 695 4108 ii.
715 4055 774 4108 Hel.
792 4056 818 4116 2,
839 4058 880 4108 1..
899 4085 932 4092 -
955 4056 983 4119 7)
1002 4056 1022 4116 Ι,
1042 4058 1053 4106 1
1075 4073 1094 4106 s.
1113 4072 1137 4107 u.
1156 4082 1189 4092 ·-
1212 4057 1239 4121 8)
1259 4057 1288 4109 0.
1305 4056 1369 4107 Pert.

144 4141 197 4204 2,6
211 4142 358 4208 praetorium
378 4159 428 4192 eum
436 4142 537 4206 ficit..
551 4171 584 4179 -
601 4141 628 4205 9)
647 4142 675 4193 0.
694 4141 795 4193 Maxim.
814 4140 856 4201 23,
874 4141 899 4193 3.
912 4170 946 4178 -·
966 4142 1006 4208 10)
1025 4160 1050 4207 q.
1069 4141 1235 4193 conditorium
1248 4143 1369 4209 quoddam

143 4227 227 4280 rerum
240 4230 412 4296 pretiosarum.
439 4230 478 4282 01.
492 4229 524 4285 11,
536 4229 561 4282 4.
576 4257 606 4264 -
627 4226 668 4293 11)
687 4225 715 4279 0.
729 4227 789 4278 Aut.
803 4226 849 4278 Ph.
871 4226 911 4287 11,
930 4227 968 4278 2..
982 4255 1015 4264 -
1036 4226 1076 4290 12)
1094 4227 1143 4276 adi.
1161 4227 1226 4276 uine
1244 4225 1370 4293 exemplo

145 4314 187 4366 Tr.
206 4313 242 4366 cl.
263 4317 303 4377 14,
321 4316 451 4382 {ipolitum
469 4314 634 4374 tentoriarum
652 4341 684 4350 -
707 4312 786 4365 subet.
805 4313 942 4363 tentorium
960 4312 1003 4379 Sp.
1022 4311 1081 4362 Seu.
1100 4311 1124 4380 6,
1143 4314 1166 4373 1,
1186 4313 1214 4363 L.
1232 4314 1272 4365 Al.
1291 4315 1332 4375 47,
1346 4313 1369 4372 a,

143 4382 853 4469 umfflffimmmm-
