2872 4852
591 271 847 344 ..54-

107 475 297 547 66666666
352 496 416 567 pro
465 455 667 548 abscidere:
735 475 834 548 Vulc.
887 474 980 549 (lasa.
1034 478 1080 569 4,
1137 478 1158 548 6
1220 477 1330 549 nuliis

107 609 322 683 desertoribus
365 633 496 703 moneres,
554 611 592 685 0.
643 612 722 686 Alb.
770 613 810 704 9,
858 615 878 685 6
923 616 1040 706 eaput:
1088 656 1129 666 -
1184 610 1328 711 genlei-

108 746 201 820 bere
248 768 311 839 pro
356 748 546 822 adhibere:
585 747 641 839 Sp.
688 747 793 821 Hadr.
844 750 900 840 19,
948 750 969 821 2
1002 753 1041 820 ai
1081 756 1174 843 operi
1196 751 1262 840 '(h.
1298 770 1327 820 e.

106 884 343 958 transferendo
374 883 521 979 colosso)
553 883 740 978 elephantos
778 889 905 981 oignon·
936 890 1076 980 poeninon·
1114 884 1288 957 eddiderat.
1315 888 1329 977 )

108 1062 156 1073 ——
183 1021 373 1119 illigare
404 1043 467 1112 pro
494 1021 677 1113 adligare:
723 1021 760 1094 O.
789 1021 898 1095 Macr.
931 1024 988 1114 12,
1019 1023 1040 1095 8
1075 1021 1226 1095 Mezentii
1249 1045 1328 1116 snp-

101 1159 250 1253 plicz‘nne,
277 1179 341 1252 qno
366 1157 421 1229 ilde
447 1164 541 1228 reninis
567 1161 702 1229 morinis
733 1156 889 1255 illigabat
915 1157 972 1253 (cf.
1001 1158 1108 1250 Verg.
1129 1160 1216 1231 Aen.
1245 1159 1331 1231 VIII

107 1294 182 1367 485
209 1294 293 1386 sq.);
325 1332 376 1346 -
409 1297 651 1366 inmittere:
696 1292 734 1366 (l.
769 1294 863 1366 Pert.
902 1296 959 1386 12,
999 1297 1016 1366 1
1054 1301 1200 1366 inuenisse
1226 1292 1330 1365 barbo

106 1428 146 1524 (i.
186 1431 354 1521 promissa
392 1429 448 1521 Sp.
490 1428 596 1503 Hadr.
640 1432 698 1524 26,
739 1432 848 1523 161,
880 1431 936 1504 661
976 1431 1123 1503 demissa
1170 1428 1208 1502 O.
1244 1430 1327 1501 Ver.

108 1567 171 1658 10,
215 1563 270 1660 6);
310 1605 361 1618 -
400 1571 603 1660 imponere
640 1588 702 1658 pro
741 1588 952 1658 praeponere
991 1568 1037 1660 (6.
1079 1568 1140 1657 ΠΙ,
1185 1565 1234 1661 1).
1279 1607 1328 1618 -—

106 1700 330 1774 Prooenire
373 1725 435 1794 pro
479 1702 659 1796 aduenire,
713 1707 909 1797 obtingere:
960 1704 1017 1796 Sp.
1069 1704 1176 1776 Hadr.
1225 1705 1257 1794 2,
1306 1703 1327 1774 8

105 1860 186 1930 sors,
215 1860 312 1933 quom
346 1861 388 1911 en
422 1839 592 1936 Sibpllines
624 1839 773 1913 cersidns
807 1847 839 1913 ei
859 1847 1051 1935 procurrisse
1076 1841 1243 1930 dicerunt,
1286 1838 1325 1911 L.

104 1976 204 2048 Alex.
244 1977 308 2067 13,
339 1978 362 2048 4
402 1981 543 2048 nnirdor
584 1975 754 2072 l'ln'lippns
788 1982 943 2071 pronepoti
980 1975 1043 2071 (ei)
1083 1999 1161 2049 casn
1193 1997 1279 2046 nerones
1311 1995 1329 2046 e

103 2115 244 2184 rusticis.
278 2155 319 2165 —
357 2112 550 2186 desidere
588 2135 651 2204 pro
687 2115 919 2207 praesidere:
964 2114 1021 2205 Sp.
1063 2114 1169 2186 Hadr.
1211 2113 1267 2204 13,
1306 2113 1324 2181 1

103 2250 207 2320 neella
238 2254 273 2319 in
306 2248 514 2322 Athenienses
552 2252 687 2322 6661661
718 2254 751 2322 et
777 2273 841 2345 pro
873 2249 1072 2349 agonotheta
1111 2249 1245 2341 resedit,
1288 2247 1325 2321 O.

103 2386 185 2458 Ver.
216 2387 249 2478 3,
281 2387 313 2478 2,
344 2385 385 2459 cf.
414 2387 453 2459 L.
482 2387 538 2458 Al.
569 2387 628 2478 29,
659 2388 700 2477 6;
737 2428 780 2440 -
810 2408 1059 2484 respergere
1085 2408 1148 2477 pro
1174 2385 1326 2476 adsper-

104 2542 203 2614 gere:
243 2520 280 2595 Ο.
317 2523 398 2594 Ver.
436 2523 492 2615 10,
530 2524 552 2594 i
594 2526 630 2593 nt
667 2527 769 2617 copiti
799 2529 877 2595 oneri
913 2527 1061 2594 renardo
1103 2525 1327 2618 respergeret:

102 2699 155 2711 —
186 2664 410 2753 respicere:
455 2659 553 2733 Vulc.
590 2659 684 2734 (lass.
722 2662 755 2752 6,
786 2662 807 2733 2
838 2665 873 2733 et
900 2661 956 2732 Tr.
986 2659 1093 2732 Valer
1121 2661 1153 2750 6,
1184 2660 1205 2730 5
1234 2679 1327 2730 arno

103 2797 259 2890 militen,
302 2817 366 2889 pro
405 2799 587 2890 inspicere
627 2798 683 2893 (ut
722 2804 775 2872 est
814 2798 857 2870 V.
899 2799 984 2870 Aur.
1028 2798 1061 2887 9,
1100 2797 1121 2867 3
1162 2794 1235 2890 al.).
1280 2835 1325 2847 -

104 2932 352 3006 Srebnittere
391 2956 453 3026 pro
493 2934 697 3007 demittere:
743 2935 783 3006 L.
826 2934 901 3006 Hel.
945 2933 1005 3024 33,
1049 2934 1070 3004 7
1112 2939 1146 3003 in
1190 2930 1325 3004 Tiberin

102 3067 282 3142 submissos
307 3074 374 3156 est:
400 3111 452 3124 -
475 3068 715 3140 serinoreere
740 3090 803 3161 pro
830 3089 997 3140 emouere
1025 3067 1073 3163 (6.
1102 3070 1164 3160 III,
1193 3070 1250 3161 4);
1276 3107 1326 3120 -

102 3205 350 3277 subtrahere
376 3227 439 3297 pro
466 3205 672 3278 detrahere:
702 3203 739 3277 O.
769 3206 850 3276 Ant.
879 3205 917 3277 P.
948 3205 981 3296 7,
1014 3207 1035 3277 i
1063 3206 1189 3277 solaria
1216 3205 1312 3276 nielli

103 3342 284 3434 66666666,
324 3364 404 3437 qnos
430 3340 562 3413 uidebat
586 3344 702 3411 otiosos
728 3347 893 3435 occepere;
932 3380 983 3393 -
1023 3347 1240 3435 suscipere
1265 3360 1327 3433 pro

103 3483 280 3572 accipere,
309 3485 349 3552 ut
374 3501 497 3553 nornen
516 3479 667 3550 delatum
692 3499 721 3550 6.
743 3500 771 3552 6.
791 3480 831 3552 L.
852 3481 952 3553 Alex.
977 3480 1125 3552 10-12
1145 3478 1328 3570 aliquoties

103 3616 178 3708 (11,
207 3618 240 3708 2,
271 3618 293 3689 3
320 3635 390 3690 666.
419 3621 455 3688 et
485 3635 572 3687 susc.
608 3611 878 3708 alternatim‘*)‚
921 3621 1069 3688 statuam
1102 3613 1140 3687 G.
1176 3614 1258 3686 Ant.
1286 3613 1325 3685 P.

204 3868 230 3936 ¹¹¹)
266 3869 305 3922 De
331 3869 478 3936 aequalibus
504 3868 604 3920 illorum
626 3874 767 3935 temporum
792 3869 956 3936 scriptoribus
974 3885 995 3919 a.
1015 3885 1054 3935 gr.
1073 3867 1200 3919 Arnobins
1217 3881 1328 3933 ex-pro

103 3957 148 4009 (le-
166 3957 242 4008 habet
259 3956 285 4008 in
303 3971 460 4020 exponere,
483 3962 511 4004 ut
528 3953 576 4016 IV,
593 3954 628 4005 26
645 3971 725 4004 nornen
742 3955 900 4020 crispinianus,
918 3955 949 4004 ib.
969 3954 1001 4004 21
1012 3955 1106 4020 fletum.

204 4057 243 4127 **)
279 4058 321 4110 Sic
347 4058 421 4109 etiam
439 4057 549 4125 recipere
568 4057 682 4124 saepius,
700 4063 729 4108 ut
752 4056 780 4109 C.
800 4057 869 4109 Part.
888 4058 912 4116 b,
931 4055 955 4116 6,
974 4056 1004 4107 1..
1014 4055 1055 4108 Al.
1067 4055 1108 4116 12,
1126 4056 1153 4117 3,
1172 4066 1198 4107 et
1216 4057 1250 4109 ib.
1273 4053 1327 4116 1,3

104 4154 131 4196 st
147 4146 172 4209 2,
192 4146 203 4197 1
224 4145 290 4197 idem
308 4143 410 4197 easdam
428 4159 468 4195 res
486 4143 629 4196 alternatim
647 4142 739 4194 dicitur
757 4141 879 4208 recipere,
897 4141 1037 4200 adsumere,
1055 4141 1177 4208 accipere.
1213 4141 1251 4194 cf.
1270 4156 1326 4207 per·

104 4230 188 4297 cipere
206 4230 236 4309 0..
252 4230 319 4284 Max.
338 4229 410 4284 Ball).
429 4229 454 4290 8,
477 4231 486 4279 l
511 4228 610 4280 decretis
638 4227 798 4297 imperatorias
819 4226 960 4286 bonoribus,
980 4235 1095 4291 percepta
1118 4226 1245 4276 tribunicia
1258 4234 1326 4290 pote·

103 4324 165 4368 alote
182 4323 230 4371 ets.
