2872 4852
575 256 856 334 -18*-

103 490 287 544 -aneusr
314 464 594 559 consentaneus¹‚
623 464 902 556 ootooneurn²3
935 507 975 518 -
1008 460 1225 557 extraneus³;
1253 486 1325 539 me·

104 601 359 695 diterraneus43
391 645 432 657 -
463 601 721 702 limitaneus,
753 598 1101 676 consecraneus5.

103 842 186 893 tuebor
204 860 221 892 a
238 841 385 903 Picentibus,
404 839 523 906 posterior
546 841 577 889 ab
595 838 796 904 Hispaniensibus
818 850 910 902 iuuant,
935 839 964 889 V.
984 839 1074 891 Bonos.
1095 838 1139 900 14,
1164 838 1188 888 1.
1201 837 1268 888 doaso
1286 836 1329 902 Η,

101 927 191 992 origine
208 926 337 976 Brittones
359 926 400 991 (V.
419 926 493 977 Prcb.
514 926 537 985 l,
556 925 572 974 4
589 922 624 977 H.
644 925 750 987 astuto,
770 953 802 962 -
826 923 1017 984 irrationaliter,
1044 931 1084 975 est
1105 909 1205 977 enimi
1226 942 1250 990 q.
1270 923 1329 976 His·

103 1011 246 1078 panorum),
270 1011 489 1064 sardiniensis
506 1008 549 1076 Sp.
567 1008 625 1061 Seu.
644 1009 669 1069 2,
686 1009 702 1059 5
721 1018 859 1074 quaestura.
894 1009 1102 1076 Affigurabautur
1120 1025 1182 1062 sane
1200 1008 1251 1060 iam
1270 1009 1329 1061 olim

103 1097 198 1163 pariter
225 1097 300 1148 etiam
323 1115 338 1148 a
361 1096 481 1148 localibus
499 1095 660 1163 generalibus
679 1113 699 1149 s.
718 1095 890 1162 appellatiuis,
915 1096 959 1146 sed
982 1113 1046 1162 quae
1068 1097 1148 1147 instar
1169 1095 1329 1164 propriorum

104 1189 189 1233 essent
209 1182 290 1233 relatu
313 1182 420 1247 quodam
442 1180 543 1247 speciali
565 1181 597 1230 ad
616 1197 692 1231 unum
710 1180 735 1231 id
754 1180 820 1247 quod
839 1197 884 1232 suo
902 1180 927 1231 in
946 1198 1040 1248 genere
1057 1198 1129 1232 suum
1147 1197 1176 1232 ac
1188 1181 1330 1247 proximum

104 1275 173 1318 esset
190 1267 343 1329 Quiritibus,
367 1266 490 1332 siquidem
508 1265 629 1325 sorensis,
652 1265 783 1326 circensis,
805 1266 957 1332 campensis,
981 1265 1140 1332 piscinensis,
1163 1266 1330 1328 namurensis,

104 1354 253 1420 portuensis,
271 1353 391 1405 fratensis
410 1370 458 1405 non
477 1353 610 1405 cuiuslibet
628 1360 701 1404 erant
717 1353 773 1412 fori,
796 1352 854 1403 circi
873 1360 933 1411 etc,
956 1352 1000 1402 sed
1019 1351 1178 1418 pertinebant
1196 1352 1228 1403 ad
1246 1353 1329 1404 iorum

104 1439 250 1500 Romanum,
268 1439 360 1491 circum
377 1439 519 1499 maximum,
538 1457 652 1506 campum
670 1438 797 1498 Martium,
816 1445 927 1489 ueterem
947 1437 1066 1503 piscinam
1085 1437 1219 1503 publicam,
1239 1455 1330 1490 nemus

103 1524 240 1586 Aricinum,
258 1532 356 1591 portum
375 1524 530 1584 Ostiensem,
549 1525 639 1575 iratum
658 1523 779 1584 Siculum,
799 1551 829 1561 ·-
853 1539 934 1588 neque
953 1522 1060 1574 absimili
1078 1522 1176 1573 ratione
1193 1523 1330 1575 castrensis

103 1610 272 1670 dictitabatur,
291 1610 356 1662 adde
374 1618 400 1661 et
417 1610 541 1662 atriensis.
566 1610 664 1662 Dehinc
682 1627 740 1660 usus
758 1608 929 1661 inclinamenti
947 1608 1052 1660 ulterius
1070 1608 1191 1675 pertinuit
1202 1609 1235 1660 ad
1248 1626 1329 1677 quae·

104 1695 165 1746 libet
186 1695 275 1746 localia
298 1695 452 1762 appellatiua
469 1697 518 1747 iam
536 1694 702 1763 generaliter,
725 1704 754 1747 ιιι
775 1704 906 1762 pratenses
928 1693 1089 1760 targilion,
1112 1711 1261 1747 nemorense
1279 1697 1330 1748 mel

103 1780 165 1842 Col,
187 1781 317 1833 hortensia
334 1781 381 1832 lira
399 1782 433 1832 id.
461 1783 483 1832 A
507 1791 631 1835 terrarum
653 1781 793 1833 nominibus
814 1779 933 1831 inclinata
955 1780 1020 1845 apud
1042 1788 1142 1831 nostros
1164 1781 1330 1833 inueniuntur

103 1866 196 1933 primos
213 1867 254 1918 uel
272 1866 339 1918 soles
356 1866 551 1932 Emopcnsis,
569 1866 783 1928 Dalmateaeis,
802 1865 1057 1927 Palaestinensie,
1071 1893 1102 1903 —-
1121 1866 1213 1932 quibus
1231 1866 1331 1919 accedit

103 1970 118 2002 a
135 1953 257 2004 uocabulo
274 1953 345 2019 quasi
362 1952 463 2020 proprio
481 1952 669 2018 ripariensee
688 1953 714 2019 (i.
728 1969 749 2005 e.
763 1951 863 2010 milites,
876 1949 1009 2016 legiones),
1028 1949 1059 2002 ci.
1078 1951 1174 2004 Theoti.
1192 1951 1256 2004 uod.
1269 1951 1347 2016 vn,

105 2039 127 2097 1,
142 2037 173 2088 18
191 2037 253 2097 et4,
270 2038 307 2098 14,
325 2037 401 2089 iidem
419 2038 532 2106 ripenses
551 2038 611 2090 dicti
630 2039 655 2089 in
673 2040 760 2090 eodem
779 2037 842 2097 cod,
860 2055 875 2086 a
892 2036 949 2102 ripa
966 2035 1007 2086 uel
1025 2055 1040 2087 a
1058 2036 1150 2102 riparia
1169 2054 1204 2092 sc.
1224 2037 1329 2106 regione

104 2121 137 2188 (u.
157 2123 270 2190 Ducang.
290 2141 310 2174 s.
328 2124 371 2191 u).
407 2124 447 2174 Ab
466 2123 623 2190 appellatiuis
645 2124 670 2176 in
688 2123 793 2175 -ensis
815 2122 910 2188 figurae
931 2120 1079 2172 recentioris
1098 2122 1245 2189 specimina,
1263 2139 1329 2190 quae

102 2208 152 2260 uim
175 2208 306 2260 locatiuam
328 2226 377 2261 non
398 2209 572 2279 egrediantur,
594 2218 652 2261 sunt
673 2208 824 2262 cellariensis
847 2205 994 2273 (cellarium)
1017 2208 1044 2260 G.
1063 2207 1158 2259 Thecd.
1176 2208 1277 2274 species,
1296 2238 1328 2247 -

103 2293 237 2345 saltuensis
255 2291 318 2354 lcii,
338 2321 368 2331 —
387 2294 523 2345 montensis
541 2294 615 2348 inser.
634 2294 675 2356 dii,
693 2323 726 2332 -
744 2293 869 2361 petrensis
886 2293 930 2357 (ad
949 2294 1045 2359 petras)
1064 2292 1092 2345 C.
1113 2295 1174 2348 Aur.
1189 2295 1276 2360 precis,
1294 2314 1328 2334 ¹-

104 2378 246 2445 etngneusis
258 2377 365 2445 August.
383 2396 448 2440 auec,
461 2406 494 2416 -
512 2379 602 2446 hisque
619 2380 702 2432 forsan
721 2379 862 2431 addendum
880 2377 1011 2429 laterannis
1024 2378 1094 2432 Tert.
1113 2380 1130 2432 i.
1150 2379 1192 2446 qui
1210 2379 1242 2431 ad
1261 2380 1329 2433 latus

103 2463 177 2515 alicui
194 2471 241 2525 est,
259 2463 324 2515 latus
342 2464 405 2531 tegit
423 2463 544 2528 (ceterum
563 2464 639 2533 cogn.
652 2464 797 2517 Laterensis
816 2464 943 2530 antiquum
961 2464 1018 2530 est).
1045 2465 1139 2516 Verum
1158 2465 1329 2532 pertinentiae

103 2549 129 2600 in
146 2549 185 2600 his
204 2556 316 2616 potestas
334 2548 369 2600 ita
386 2548 500 2610 incaluit,
519 2557 547 2601 ut
564 2559 689 2617 postremo
708 2551 780 2612 omni,
799 2557 828 2601 ut
846 2559 902 2600 utar
918 2549 1048 2611 uocabulo,
1073 2550 1228 2604 locatiuitate
1246 2552 1329 2604 alimi-

103 2641 163 2686 nata
180 2633 305 2686 adiectiua
322 2633 346 2684 in
366 2635 467 2685 -ensis
485 2636 572 2687 eadem
592 2637 759 2703 significantia
777 2643 851 2702 atque
873 2636 964 2696 —alis,
982 2637 1089 2688 -arius
1106 2636 1178 2688 finita
1190 2655 1205 2688 a
1217 2639 1329 2690 numbu-

104 2719 135 2772 lis
152 2720 195 2772 uel
212 2737 309 2782 rerum,
332 2737 393 2786 quaa
411 2720 501 2787 aliquis
518 2729 610 2773 tractat
626 2721 780 2782 officialiter,
802 2722 843 2772 uel
862 2739 1037 2788 personarum,
1065 2721 1203 2788 quinetiam
1220 2723 1330 2790 propriis

103 2807 252 2870 nominibus,
270 2805 457 2867 inclinarentur,
475 2806 554 2859 ueluti
571 2807 711 2859 libellensis
729 2808 756 2860 (i.
769 2808 834 2860 Just.
854 2806 886 2874 (q.
901 2808 923 2859 ‘a
934 2807 1035 2859 libellis’
1050 2807 1139 2872 Suet),
1157 2807 1331 2861 laterculensis

104 2894 145 2957 ib,
163 2893 393 2945 commentariensis
411 2893 470 2960 Dig.
489 2893 530 2954 al,
548 2900 680 2960 ceteraque
697 2893 745 2945 hoc
762 2909 848 2959 genus,
868 2922 900 2931 -
918 2894 1076 2960 agrarienses
1094 2893 1121 2945 G.
1132 2893 1230 2946 Theoi.
1247 2911 1330 2958 muer,

104 2980 128 3030 h.
148 2997 170 3033 a.
189 2979 304 3046 agrarias
323 2995 357 3032 sc.
377 2979 507 3040 stationes,
526 2979 642 3030 excubias
659 2985 779 3041 tutantes,
798 2977 830 3029 of.
848 2979 910 3044 Veg.
930 2997 949 3030 r.
962 2996 995 3030 m.
1008 2978 1053 3038 lV,
1071 2979 1105 3029 46
1123 2995 1170 3042 ex,
1189 2979 1223 3040 Il,
1239 2980 1272 3032 19
1289 2980 1331 3041 al..

104 3095 137 3105 -
155 3065 315 3117 calcariensis
337 3063 365 3117 G.
387 3065 434 3118 Th.
457 3066 473 3118 i.
497 3064 597 3116 calcarii
618 3064 714 3131 opificis
736 3063 860 3122 minister,
880 3093 911 3100 -
934 3064 1082 3115 sabricensis
1105 3065 1186 3118 Arum.
1206 3065 1234 3116 G.
1252 3065 1329 3126 tusa,

105 3180 136 3190 -
155 3150 324 3205 comitatensis
342 3151 423 3201 Amm.
442 3151 469 3201 O.
485 3150 534 3205 uh.
553 3149 594 3202 all.
612 3149 628 3201 i.
647 3149 775 3215 pertinens
793 3147 833 3198 uel
852 3149 883 3199 ad
901 3148 1043 3201 comitatum
1061 3150 1192 3218 principie,
1217 3159 1245 3202 ut
1263 3150 1327 3202 mili-

105 3246 138 3286 tcs
157 3236 317 3287 comitatenses
340 3234 433 3300 (genus
451 3235 555 3285 militiae
573 3233 786 3300 praerogatiuum,
805 3241 862 3301 post
879 3234 1003 3301 palatinos
1021 3235 1135 3302 quidem,
1159 3236 1190 3289 ci.
1210 3235 1327 3289 Gothoir.

105 3322 136 3372 ad
155 3321 184 3374 0.
203 3319 299 3371 Theod.
318 3318 374 3381 Vll,
394 3320 418 3380 1,
438 3319 488 3383 18),
505 3318 547 3369 uel
563 3317 597 3369 ad
614 3317 711 3370 comitis
728 3318 884 3385 dignitatem,
907 3328 935 3371 ut
953 3322 1129 3374 comitatenses
1146 3321 1327 3390 largitionales,

106 3433 138 3445 -
156 3405 348 3465 Gratianenses,
366 3402 600 3455 valentinianenses
622 3403 681 3455 Not.
704 3403 779 3471 Dign.
802 3423 827 3472 p.
848 3405 881 3456 35
906 3405 937 3459 al.
960 3408 1007 3472 (sc.
1031 3407 1137 3459 militum
1155 3408 1276 3476 numeri),
1294 3435 1327 3446 -

105 3491 195 3559 quibus
212 3491 332 3559 iungitur,
350 3490 417 3558 quod
434 3508 474 3556 ap.
493 3490 591 3556 hampr.
610 3490 744 3552 habemus,
767 3491 978 3543 Libitirronsis
996 3499 1078 3558 porta,
1097 3521 1127 3530 -
1146 3510 1211 3560 quae
1228 3501 1285 3545 crat
1301 3492 1327 3544 in

104 3577 289 3644 amphitheatro
307 3576 442 3628 efferendis
459 3573 768 3653 occisorum'corporibue,
787 3578 819 3631 ci.
842 3577 941 3629 Becker
963 3577 1036 3630 Rbrn.
1055 3578 1164 3632 Alterth.
1182 3576 1205 3639 I,
1225 3596 1249 3632 a.
1268 3577 1326 3630 260.

105 3662 240 3714 Difficilius
257 3662 381 3729 explicatu
404 3668 443 3713 est
460 3661 651 3712 miliacensis
671 3663 700 3713 V.
719 3664 781 3715 Aur.
800 3663 842 3724 49,
863 3665 874 3714 l
899 3663 1055 3714 miliar-ensem
1070 3665 1187 3730 porticum
1205 3665 1231 3716 in
1250 3665 1323 3717 bortis

106 3745 214 3799 Sallusti
234 3748 340 3809 ornauit,
362 3747 387 3797 in
409 3764 457 3812 qua
479 3745 562 3796 cotidie
584 3756 607 3797 et
629 3764 699 3812 equos
717 3756 740 3797 et
756 3765 781 3797 se
794 3748 930 3814 fatigabat.
966 3748 994 3800 Si
1013 3757 1096 3801 tamen
1114 3758 1183 3802 recte
1201 3751 1323 3820 interpre-

104 3842 189 3885 tantur
207 3834 232 3886 h.
245 3833 262 3887 1.
281 3853 314 3878 =
327 3832 395 3884 mille
413 3850 529 3900 passuum
547 3849 571 3883 u.
584 3832 760 3895 columnarum,
773 3861 806 3870 -
819 3841 845 3884 et
862 3832 1037 3886 ‘miliareusern
1055 3834 1190 3888 cohortcm’
1203 3836 1279 3892 inscr.
1292 3858 1324 3883 =

103 3920 172 3973 mille
189 3918 302 3980 militum,
320 3947 353 3958 ·-
372 3919 445 3987 plane
463 3917 529 3970 idem
548 3919 669 3985 estquod
686 3918 817 3980 miliarias,
835 3936 988 3987 paragogum
1006 3937 1066 3987 ergo
1084 3939 1115 3972 ex
1133 3922 1184 3976 ille.

208 4005 231 4074 1)
249 4005 277 4057 C.
295 4005 363 4058 Max.
382 4004 454 4058 Balb.
474 4004 513 4069 17,
531 4005 560 4070 5;
575 4034 606 4043 -
625 4004 663 4056 ΡΙ.
681 4004 772 4058 Bacch.
794 4004 850 4066 139,
868 4004 919 4064 alt,
933 4034 964 4043 —
984 4005 1190 4060 inconsentaneue
1208 4009 1283 4061 Mart.
1296 4008 1322 4062 0.

103 4091 132 4157 2)
152 4091 210 4144 Alia
227 4090 364 4143 uerbalia
357 4109 381 4142 ιιι
399 4107 511 4143 -aneus
529 4097 597 4144 sunt:
616 4098 793 4144 consectaneus
805 4091 900 4143 Arnon
918 4091 960 4159 1.-
970 4093 1143 4160 consequens),
1162 4096 1241 4148 subst.
1255 4094 1322 4147 'l'ert

103 4176 157 4230 siu
176 4177 219 4244 (=
228 4176 345 4245 assecla),
367 4177 552 4229 oblectaneus
545 4194 632 4240 rusca,
637 4177 782 4276 pedaneus
806 4176 918 4244 (iudices,
937 4179 1078 4244 senatores)
1096 4187 1171 4241 uett,
1193 4180 1322 4248 praecida-

103 4296 165 4330 neus
183 4280 251 4332 Atei
270 4297 309 4347 ap
329 4278 395 4332 Gell.
413 4279 510 4348 (iuriae)
529 4287 556 4331 et
573 4281 741 4334 succedaneus
759 4280 798 4334 Pl
812 4281 884 4348 Epid.
907 4281 967 4343 135,
985 4280 1026 4333 all.
1046 4288 1072 4332 et
1088 4264 1147 4334 Jcst
1169 4281 1321 4349 (-·cedere),

103 4383 299 4440 praesentaneus
318 4374 382 4430 Plin.
402 4375 448 4428 l'h.
468 4374 555 4438 Prisc,
578 4384 799 4444 repraesentaneus
817 4374 893 4433 lert..
918 4367 1053 4427 solitaneus
1072 4377 1149 4430 Marc.
1169 4378 1251 4446 Ilmp,
1271 4376 1321 4430 sui·
