2872 4852
574 299 856 377 *se*-

104 512 299 601 sitorius,
326 505 574 603 uenatorius13,
602 504 942 604 uiatorius*)**).

107 764 149 827 13)
168 764 199 815 V.
218 764 277 816 Tac.
295 763 320 824 6,
338 764 363 824 2,
381 762 424 815 Tr.
443 781 499 824 xxx,
518 762 558 822 15,
576 762 605 823 7;
624 761 697 829 Nep,
715 761 795 823 Suet,
812 761 876 813 Plin.
896 779 946 828 ep.,
963 762 1022 830 urg.

207 882 231 950 *)
266 882 339 934 Inter
360 883 484 934 adiectiua
505 882 689 933 denominatiua
713 883 738 932 in
762 883 848 933 -ius
871 882 981 933 eminent
1002 882 1128 949 frequenti
1146 883 1172 934 in
1189 886 1329 951 posteriore

1072 959 1083 989 Β

105 1000 244 1051 Latinitate
256 1017 301 1051 usu
315 1001 386 1060 haec,
405 1018 470 1067 quae
488 1019 503 1051 a
520 1000 660 1052 nominibus
678 1001 825 1052 uerbalibus
842 1001 967 1066 agentiuis
985 1001 1012 1052 in
1030 1001 1124 1068 -(t)or
1141 1002 1260 1054 inclinata
1271 1011 1329 1056 sunt

106 1085 131 1135 in
151 1087 265 1136 —or-ius
284 1085 506 1151 (quemadmodum
524 1104 540 1136 a
557 1086 677 1136 feminina
693 1087 774 1136 forma
793 1086 874 1136 -—trix
893 1086 919 1136 in
937 1086 1065 1146 -tricius,
1088 1105 1167 1154 pauca
1184 1089 1284 1155 quidem
1301 1098 1330 1140 ut

104 1172 316 1232 meretricius,
341 1171 470 1232 nutricius,
489 1171 666 1238 obstetricius).
701 1170 799 1237 Nempe
817 1187 866 1221 uon
884 1171 935 1221 alia
952 1171 1050 1222 ratione
1068 1172 1230 1238 praetor-ius,
1253 1190 1329 1242 prae·

103 1257 230 1307 ductorius
248 1276 263 1307 a
281 1267 392 1324 praetor,
416 1256 578 1323 praeductor,
603 1264 679 1322 atque
697 1257 729 1306 ab
747 1255 804 1306 aliis
822 1256 962 1306 nominibus
981 1257 1060 1309 subst.
1079 1258 1253 1323 personalibus
1271 1259 1329 1309 affi-

103 1351 194 1405 gurata
216 1353 274 1394 sunt
296 1345 321 1394 in
344 1343 417 1394 -ius
441 1361 463 1396 e.
488 1360 509 1395 e.
533 1342 644 1408 reg-ius,
667 1340 821 1407 pontificius,
846 1366 876 1377 -
898 1340 1052 1401 flumin-ius,
1076 1369 1110 1379 -
1132 1343 1278 1409 augur-ius,
1297 1373 1329 1382 -

104 1427 234 1487 Mart-ius,
259 1429 375 1491 Dianius,
398 1429 544 1486 Saturnius,
568 1426 729 1478 Commodius
747 1425 798 1484 all.,
817 1454 850 1463 -
868 1427 900 1475 ab
918 1445 979 1488 -o,
1003 1428 1055 1478 ouis
1074 1428 1099 1479 in
1119 1429 1249 1481 -on-ius:
1272 1446 1330 1481 cau-

103 1513 215 1579 pon-ius,
233 1515 366 1576 lanionius,
386 1515 507 1574 lenonius,
525 1513 686 1580 mangonium
704 1512 779 1573 Plin,
799 1513 954 1579 praeconius,
973 1515 1124 1580 praedonius
1142 1515 1210 1582 le.,
1230 1544 1264 1554 —
1285 1516 1330 1568 de·

103 1599 180 1664 nique
198 1601 274 1650 etiarn
293 1603 324 1651 ab
343 1602 398 1652 aliis
417 1600 543 1650 nominum
562 1599 697 1666 generibus
715 1599 740 1648 in
760 1616 823 1648 -or
842 1601 975 1659 soror-ius,
994 1600 1095 1651 uxorius
1115 1600 1256 1663 (Arborius,
1272 1601 1331 1653 ado-

105 1684 163 1749 ria).
199 1685 317 1735 Ceterum
336 1685 366 1738 cf.
386 1685 494 1736 Corssen
512 1685 574 1737 lrrit.
593 1684 696 1736 Nachtr.
716 1703 737 1734 a.
755 1683 799 1737 lat.
818 1685 943 1738 Formenl.
963 1703 985 1751 p.
1004 1685 1045 1738 82.
1075 1684 1127 1736 Sed
1148 1686 1191 1736 illa
1208 1686 1289 1752 figura
1306 1689 1331 1738 in

106 1770 220 1820 -torius
243 1772 322 1821 rarior
343 1772 411 1838 apud
433 1779 546 1831 ueteres,
570 1771 758 1822 increbrescens
780 1770 840 1822 inde
863 1772 894 1822 ab
917 1788 979 1821 aeuo
998 1772 1130 1838 Augustae
1152 1771 1184 1822 ad
1202 1773 1331 1840 ingentem

106 1857 229 1922 quandam
247 1857 386 1923 posteriore
404 1865 487 1908 aetate
505 1858 616 1908 excreuit
634 1857 739 1923 copiam.
777 1857 900 1909 Nimirum
918 1857 988 1907 def
996 1858 1004 1907 i
1016 1875 1058 1923 pr
1075 1858 1283 1925 principiantibus
1305 1861 1331 1911 in

109 1942 209 1993 -orius
236 1943 421 2009 antiquiora
447 1945 562 2009 Augusto
589 1942 825 2009 quatuordeeim
853 1942 937 1994 inueni
960 1970 992 1978 —
1015 1950 1044 1992 ut
1066 1943 1224 2003 dictatorius,
1251 1945 1331 2010 impe·

111 2028 227 2088 raterius,
246 2029 395 2095 praetorius,
410 2057 439 2064 —
453 2029 632 2089 damnatorius,
650 2028 850 2089 declamatorius,
868 2026 1028 2087 desultorius,
1047 2028 1203 2094 piscatorias,
1222 2030 1332 2096 praeda·

108 2113 187 2164 torius
200 2114 251 2173 all,
270 2113 302 2167 cf.
316 2114 404 2180 Reisig
417 2113 527 2164 Gramm.
541 2113 596 2165 Lat.
610 2131 634 2180 p.
649 2112 698 2163 159
715 2131 751 2179 sq.
766 2142 805 2173 -‚
823 2113 914 2179 quibus
932 2113 1107 2179 quindecim
1124 2130 1253 2166 accessere
1265 2117 1333 2182 apud

108 2199 198 2264 primi
216 2217 246 2266 p.,
261 2200 288 2252 0.
308 2200 407 2250 seculi
430 2200 564 2266 scriptores
581 2199 684 2249 iuuenta
701 2226 735 2235 -
752 2206 780 2249 ut
797 2215 820 2250 e.
839 2215 859 2251 c.
878 2198 954 2249 Plinii
976 2206 1034 2248 sunt
1052 2198 1223 2259 dormitorius,
1248 2200 1332 2251 excal-

109 2284 231 2336 factorias
250 2285 287 2349 (et
304 2283 526 2352 concalfaetoriue),
549 2284 715 2346 excussorium
739 2284 911 2343 extractorius,
936 2283 1139 2344 exulceratorius,
1161 2284 1272 2350 potorius
1292 2312 1332 2346 —,

110 2369 158 2419 iam
177 2387 239 2420 uero
258 2387 289 2420 ex
307 2387 401 2421 aeneae
414 2369 557 2421 Latinitatis
574 2369 740 2430 monumentis
759 2368 863 2420 collecta
880 2377 1000 2420 centum
1019 2369 1163 2421 sedecim.
1189 2370 1259 2431 Quae
1277 2386 1333 2421 cum

108 2454 226 2505 uniuersa
245 2455 332 2506 indere
350 2463 376 2506 et
393 2455 493 2522 longum
512 2456 545 2505 sit
563 2461 588 2505 et
606 2455 648 2505 uix
665 2454 736 2515 utile,
759 2472 804 2521 pro
823 2453 959 2521 specimine
977 2454 1017 2513 sit,
1036 2453 1151 2505 initiante
1171 2453 1187 2504 d
1206 2471 1259 2505 sex
1277 2472 1333 2506 cum

109 2539 247 2590 inuenerim
270 2541 295 2590 in
319 2540 421 2591 —orius
443 2541 585 2606 antiquiora
606 2539 736 2607 Augusto,
764 2556 865 2591 aeneam
893 2539 1068 2606 suppeditasse
1093 2540 1249 2591 literaturam
1270 2540 1333 2592 haec

109 2625 167 2676 duo
186 2634 217 2675 et
234 2626 363 2690 uiginti:
383 2626 607 2676 deambulatorium
620 2625 734 2692 Capitol,
749 2652 779 2662 ·-
799 2625 965 2691 deceptorius,
983 2625 1143 2675 decursorius
1161 2624 1198 2691 (et
1209 2626 1334 2677 cursorius

109 2711 175 2774 rea),
195 2711 361 2772 deductorius,
380 2712 548 2771 defensorius,
566 2711 702 2762 delatoriae
720 2717 747 2762 et
765 2710 894 2762 dilatorius
913 2709 949 2777 (et
966 2709 1084 2761 relatoris
1102 2709 1142 2777 a),
1161 2710 1333 2773 delenitorius,

109 2795 344 2857 demonstratorius,
368 2797 551 2863 deportatcrius
570 2797 606 2863 (et
623 2797 774 2863 portatorius
792 2798 838 2862 r.),
857 2795 1045 2862 deprecatorius
1064 2793 1100 2861 (et
1117 2797 1273 2861 precatorius
1290 2799 1333 2862 a),

110 2880 254 2941 derisorius,
273 2882 449 2945 deriuatorius,
468 2882 641 2943 desolatorius,
660 2883 808 2933 directorius
827 2881 855 2934 C.
874 2881 930 2940 uh,
953 2880 1128 2932 discretorium
1147 2879 1174 2934 C.
1192 2882 1263 2944 Aur„
1282 2882 1333 2934 dis·

109 2967 273 3032 pensatorius,
290 2967 470 3034 disputatorius
487 2966 574 3018 Ambr.
592 2966 644 3020 sid.
664 2971 702 3032 (et
719 2967 858 3034 putatorius
876 2968 916 3031 n),
935 2966 1094 3026 dolatorium,
1114 2994 1144 3003 -
1163 2966 1333 3032 delegatorius

110 3052 137 3103 0.
155 3053 202 3103 Th.
220 3054 280 3118 (non
298 3053 359 3103 item
377 3053 493 3118 regulare
511 3053 672 3118 ‘legatarius’,
694 3052 760 3119 quod
778 3053 806 3104 O.
826 3053 880 3104 Att.
898 3050 955 3112 XV,
974 3051 999 3112 9,
1020 3053 1030 3101 l
1055 3051 1120 3102 male
1143 3050 1234 3112 editur,
1257 3052 1333 3103 etiam

109 3138 135 3188 ll.
155 3139 196 3191 Al.
215 3139 256 3198 24,
279 3141 299 3199 l,
318 3139 364 3189 sed
383 3156 414 3190 ex
431 3141 496 3192 coni.
511 3139 609 3203 Salm.),
629 3138 766 3190 delusorius
784 3138 904 3203 (lusorius
923 3135 970 3187 iam
989 3136 1074 3203 Prin).
1102 3136 1133 3189 In
1151 3138 1220 3188 omui
1238 3155 1333 3190 summa

109 3226 286 3278 recentiora
303 3226 329 3276 in
348 3226 448 3277 -orius
465 3227 548 3277 adhue
565 3225 656 3292 collegi
674 3241 695 3275 c.
712 3225 770 3285 200,
790 3225 834 3275 sed
851 3231 964 3291 poteram
982 3222 1063 3290 plura.
1090 3223 1162 3285 Quae
1180 3241 1254 3291 seges
1272 3241 1334 3276 sane

109 3311 183 3362 etiam
204 3311 383 3362 irrationaliter
404 3311 489 3362 efficta
510 3311 633 3376 quaedam
656 3310 735 3370 fudit,
756 3317 785 3360 ut
807 3308 1004 3362 consistorium
1028 3309 1096 3362 lert.
1123 3312 1184 3363 Aus.
1202 3311 1285 3364 Anam.
1304 3310 1333 3364 0.
1354 3296 1363 3308 ”

108 3396 203 3450 ΤΙιεεᾶ.
221 3397 318 3458 instra,
336 3397 528 3464 praefectorius
546 3397 604 3462 Βία.
622 3394 680 3462 (non
698 3394 904 3462 praelector-ius,
923 3402 962 3445 est
980 3394 1045 3445 enim
1064 3395 1081 3448 i.
1093 3413 1118 3460 q.
1137 3396 1345 3464 expraefecto),

108 3482 272 3549 puellatorius
298 3481 377 3538 Solia.
399 3482 428 3542 5,
454 3482 486 3532 19
514 3481 585 3532 tibica
613 3480 669 3545 (sed
691 3481 763 3534 codd.
786 3488 847 3547 optt.
868 3479 1026 3548 puellarios);
1051 3507 1084 3518 -
1110 3481 1161 3532 alia
1187 3481 1334 3534 insolentius

109 3568 192 3620 saltim
219 3568 363 3634 affigurata,
394 3575 423 3619 ut
448 3567 625 3626 hauritorium,
657 3565 839 3617 exhauritorius
871 3565 906 3633 gl.
933 3564 1057 3630 (hauritus
1083 3566 1162 3633 App„
1190 3566 1335 3620 hauriturus

109 3653 237 3721 laneae),
260 3653 378 3704 sertorius
401 3653 430 3705 O.
454 3653 530 3713 Aun,
553 3650 706 3703 offertorium
729 3648 792 3703 Isid.
819 3648 861 3717 (cf.
883 3650 985 3702 offertor
1008 3651 1148 3714 Commod,
1171 3651 1276 3704 infertor
1298 3653 1333 3720 gl.

110 3739 231 3803 Philon).
271 3738 334 3788 Item
357 3738 498 3805 significatu
521 3736 685 3796 irrationalia,
708 3735 789 3787 ueluti
812 3753 874 3803 ager
896 3737 1068 3803 occupatorius
1093 3737 1177 3790 (irem.
1200 3737 1234 3805 (q.
1258 3754 1333 3791 cecu-

109 3825 240 3891 paticius),
264 3825 380 3875 animalia
402 3824 522 3875 occisoria
544 3825 625 3884 lert,
651 3821 805 3889 digestorius
827 3821 894 3888 (prot
917 3823 1068 3889 digestiuus)
1092 3823 1169 3876 Marc.
1193 3824 1263 3891 Emp.
1284 3841 1333 3876 cm-

111 3912 210 3971 bamma,
229 3937 262 3948 -
280 3910 347 3961 adde
365 3911 444 3962 subst.
463 3918 582 3977 usurpata
600 3909 625 3959 in
642 3908 756 3958 -orium
774 3907 849 3958 simili
866 3907 919 3958 fere
937 3908 1120 3974 significatione
1136 3917 1211 3978 atque
1223 3910 1335 3964 assolent

110 3996 268 4048 substantiua
290 3995 316 4046 in
339 3996 465 4056 -arium,
490 4024 523 4033 -
546 3998 574 4046 ut'
594 3993 772 4059 requieturium
794 3992 867 4046 inser.
891 3992 954 4062 (syn.
978 3997 1139 4061 ossuarium),
1167 3997 1332 4064 repertorium

109 4081 182 4149 Dtg„
205 4081 375 4132 traiectorium
393 4080 432 4134 Pl.
452 4081 536 4132 Valer.
571 4079 642 4130 Talia
664 4085 747 4128 tamen
770 4077 837 4144 apud
858 4088 957 4130 nostros
980 4080 1085 4146 (remoto
1107 4080 1150 4133 illo
1169 4081 1334 4149 ‘legatarius'l

108 4165 210 4218 uixdum
233 4167 390 4233 reppereris,
412 4167 462 4216 nisi
484 4167 549 4217 forto
567 4165 648 4215 minus
666 4164 750 4230 placet
767 4165 975 4230 ‘suppositorius’,
996 4193 1027 4202 -
1049 4167 1091 4231 qui
1113 4175 1214 4232 praeter
1236 4167 1334 4219 nouicia

106 4251 152 4303 illa
169 4270 221 4313 sex,
240 4270 304 4318 quae
322 4253 348 4303 in
366 4253 486 4303 laterculo
502 4252 582 4303 forma
599 4249 729 4300 literarum
746 4249 817 4300 uides
836 4250 1013 4312 discriminata,
1032 4267 1110 4302 noue
1128 4252 1223 4303 habent
1234 4261 1262 4304 ut
1274 4252 1332 4305 sub·

108 4337 220 4388 stantius
236 4337 367 4397 lusoria,
389 4337 551 4397 lusorium,
573 4334 779 4395 meritorium,
797 4342 825 4385 ut
844 4335 994 4387 adiectiuum
1013 4339 1182 4401 teutarius,
1202 4366 1234 4376 -
1253 4337 1333 4406 signi-

110 4422 185 4475 ficatu
203 4424 312 4489 denique
329 4440 396 4474 noue
413 4423 631 4490 repostoriam.
