2872 4852
612 269 890 352 -uu-

141 475 300 555 —biliss
339 478 591 570 indmirabilis
604 479 631 572 ¹,
655 462 903 575 ‘aequabilist
945 477 1132 575 affabiliei,
1174 481 1365 577 amabilis⁴,

136 851 324 904 oolleotaoulum
347 850 432 904 (irom.
457 851 540 913 Casa,
562 853 761 921 exceptaculum,
783 853 866 906 focula
887 853 968 920 (diota
988 853 1141 907 nutrimenta
1161 854 1254 920 Non),
1278 855 1364 908 bibar-

136 935 263 996 naculum,
286 936 428 988 notaculum
451 937 513 990 Min.
536 937 602 998 uel..
629 938 851 1007 obstrepitacnlum
874 937 956 999 Tert..
982 938 1155 992 obturaculurn
1178 939 1257 993 Marc.
1281 941 1365 1009 Eup,

137 1022 321 1073 occursaoulum
338 1025 405 1089 App.
423 1022 594 1088 (occuresoula
612 1025 743 1089 noctium),
766 1022 946 1077 offendiculum
964 1023 1030 1077 Plin.
1049 1024 1108 1078 min.
1127 1024 1201 1078 Paul.
1219 1025 1260 1086 N..
1280 1026 1363 1081 'offen-

137 1107 247 1158 saculum
270 1108 336 1174 App.
356 1107 537 1169 nacturus..
558 1109 743 1174 perforaculum
764 1109 812 1176 gl,
834 1107 978 1177 potaculum
995 1108 1079 1170 lert..
1102 1109 1269 1162 ramusculum
1285 1114 1365 1180 App,

137 1193 316 1244 reuerticulum
335 1194 377 1256 id.,
396 1194 559 1260 signaculum,
583 1194 779 1246 sustentaculum
799 1194 867 1263 Vsa,
884 1192 1033 1256 tenaculum,
1052 1193 1207 1257 turriculum,
1224 1196 1363 1251 tutantium

136 1327 222 1390 Prud,
239 1357 274 1366 —
292 1278 410 1381 dicibula
428 1329 496 1381 Tert.
519 1330 555 1382 M.
574 1330 647 1394 Cap..
669 1328 843 1389 exorabnlum,
861 1327 1018 1379 fundibulum
1036 1326 1063 1395 (i.
1082 1328 1170 1397 sunda)
1190 1329 1275 1397 Vulg,
1294 1329 1363 1383 iusu-

136 1413 221 1465 bulum
243 1411 292 1475 Is.,
316 1414 461 1466 mandibula
482 1415 516 1469 Is.
538 1433 563 1466 n.
586 1413 755 1466 mundibrium
778 1413 871 1475 Maca,
895 1413 1054 1481 pulsabulum
1076 1416 1142 1481 App.
1162 1443 1192 1452 -
1219 1415 1314 1468 Similis
1335 1432 1365 1468 so

137 1498 275 1550 uerbalium
297 1499 322 1550 in
340 1500 430 1552 -ulus
454 1508 494 1551 est
515 1501 579 1552 ratio
596 1500 776 1552 adiectiuorum
801 1499 1053 1567 participialium
1075 1500 1101 1551 iu
1121 1500 1294 1563 -bundus,
1314 1501 1363 1554 uisi

137 1583 202 1651 quod
223 1583 285 1637 bueo
306 1593 430 1652 potestate
452 1585 531 1638 multo
549 1588 629 1654 tnagis
647 1585 760 1637 uerbalia
778 1594 843 1647 sunt,
862 1595 890 1636 ut
908 1586 944 1636 ita
962 1586 1055 1646 dicam,
1074 1603 1148 1652 quam
1166 1585 1314 1647 nominalis,
1333 1603 1364 1639 ao

136 1676 231 1720 tantum
248 1687 298 1721 non
317 1687 378 1722 uera
396 1671 534 1737 participia.
573 1672 643 1732 Quae
665 1671 746 1737 figura
764 1671 854 1722 mirum
872 1688 946 1737 quam
964 1670 1015 1721 rari
1033 1670 1101 1739 apud
1119 1680 1216 1724 nostros
1235 1681 1274 1724 est
1290 1680 1363 1734 uma,

136 1754 202 1822 apud
223 1772 284 1821 quos
307 1757 357 1808 duo
379 1763 475 1807 tanturn
497 1756 648 1808 inuenerim:
671 1753 869 1806 contionabundus
892 1754 920 1808 C.
942 1756 1002 1808 Ant.
1022 1755 1069 1809 Ph.
1093 1756 1134 1820 13,
1151 1755 1177 1817 6,
1200 1756 1278 1812 (iord.
1301 1756 1363 1819 ’14

136 1839 212 1905 (uia,
230 1839 299 1902 Tac.)
319 1849 345 1892 et
357 1840 514 1906 furubuudus,
534 1849 561 1892 ut
579 1841 611 1893 V.
629 1839 681 1894 Sat.
700 1840 725 1901 7,
743 1841 768 1901 4,
786 1840 875 1907 quibus
894 1841 991 1892 accedit
1012 1841 1094 1908 parile
1112 1840 1224 1892 oriundus
1242 1843 1285 1912 Sp.
1303 1841 1363 1898 seu.

138 1926 160 1985 1,
181 1926 192 1976 1
218 1925 308 1991 Africa
325 1925 457 1989 oriundus,
486 1926 559 1980 Poso.
577 1925 602 1986 V,
621 1927 636 1977 5
655 1927 750 1986 urbe..,
773 1926 801 1976 6.
822 1924 881 1978 Alb.
899 1927 928 1986 t,
952 1925 964 1976 l
990 1926 1170 1978 Adrumetinus
1191 1926 1312 1990 oriundo,
1334 1928 1362 1983 it.

134 2009 165 2060 V.
183 2008 237 2061 Sat.
257 2011 282 2072 7,
303 2013 314 2063 1
339 2010 448 2062 oriundo
466 2011 563 2066 Gallus.
600 2011 672 2074 Quod
694 2020 781 2063 contra
803 2009 895 2062 ceteris
917 2013 1064 2079 posterioris
1086 2014 1178 2064 aetatis
1199 2013 1363 2081 scriptoribus

133 2095 266 2148 admodum
284 2098 470 2165 frequentatum
489 2106 528 2149 est
546 2097 592 2148 hoc
609 2115 690 2165 genus
708 2096 909 2163 participialium,
927 2115 1007 2163 quare
1026 2106 1053 2149 et
1069 2098 1192 2165 quasdam
1209 2115 1256 2168 pur
1274 2107 1361 2169 poste·

133 2181 212 2234 riores
231 2183 297 2235 solos
315 2185 415 2251 cognita
432 2184 519 2245 indidi,
537 2200 602 2250 quae
620 2183 646 2234 in
664 2183 736 2251 copia
754 2183 924 2249 exemplorum
942 2182 1010 2249 apud
1028 2182 1196 2236 Ruddimuuu.
1230 2181 1297 2239 lust.
1316 2183 1361 2237 Gr.

133 2266 188 2322 luat.
201 2275 219 2319 t.
233 2269 252 2331 1,
271 2286 295 2335 p.
308 2269 360 2322 309
372 2287 409 2336 sq.
428 2270 467 2321 ed.
481 2269 550 2336 bips.
569 2269 757 2320 desiderantur:
775 2267 1024 2319 adminiculabuudus
1043 2269 1074 2320 1t.
1086 2268 1158 2321 Alex.
1171 2269 1213 2329 21,
1232 2268 1361 2337 amplexu·

132 2354 231 2405 bundus
252 2354 304 2405 Jul.
326 2355 397 2416 Vel,
424 2355 615 2406 anhelabundus
639 2353 687 2421 gl..
715 2354 910 2421 aucupabundus
932 2353 1013 2414 Tort,
1040 2354 1250 2408 carminabundus
1272 2355 1360 2410 Sidon.

132 2437 303 2507 (carminare),
326 2439 502 2492 oaussbundus
523 2440 617 2501 Prien,
645 2439 867 2491 comminabundus
889 2439 970 2502 Tora,
1000 2438 1216 2506 conspirabundus
1240 2440 1275 2492 M.
1298 2440 1359 2511 (lap.

132 2524 201 2585 Vlll,
219 2525 278 2587 803,
297 2526 537 2592 contemplabundus
556 2525 632 2584 Tert,
651 2523 817 2575 eiulabundus
834 2524 885 2577 lul.
899 2523 955 2576 vat.
974 2524 1062 2584 11,16,
1081 2524 1279 2578 exsultabundus
1297 2527 1361 2580 lust.

133 2609 219 2671 Solia,
245 2610 439 2661 famulabundus
457 2609 534 2672 Turn,
552 2609 751 2660 flammabundus
769 2609 804 2662 11.
823 2610 894 2675 Cap,
916 2608 1059 2660 fluibundus
1077 2609 1112 2662 Μ.
1132 2611 1201 2677 Cep,
1219 2611 1362 2678 gaudibun-

131 2695 179 2745 dus
197 2696 272 2762 App,
295 2694 479 2746 iactitabundus
497 2693 564 2752 sid..
586 2694 777 2746 insultabundus
795 2693 937 2760 Angustia,
960 2693 1131 2745 latitabundus
1149 2693 1212 2755 811,
1230 2696 1359 2749 meudina-

130 2778 228 2831 bundus
251 2782 329 2847 Aug„
353 2778 580 2831 murmurabundus
603 2783 683 2847 APPo
706 2780 865 2831 nutabundus
882 2779 934 2831 Jul.
955 2779 1025 2840 val..
1048 2780 1206 2832 nixabundns
1223 2781 1275 2833 Jul.
1296 2783 1362 2846 Val,

130 2864 310 2916 oscitabundus
332 2864 398 2928 811,
423 2865 573 2917 otiabundus
595 2865 661 2927 Sin..
683 2865 840 2932 palabundas
862 2864 931 2916 'lert
956 2864 1033 2933 Gypr.
1058 2865 1089 2916 lt.
1112 2866 1185 2918 Alex.
1209 2867 1243 2918 56
1266 2867 1297 2923 cl.
1320 2868 1362 2931 86,

130 2950 290 3017 parabundus
309 2949 353 3018 gl..
371 2950 531 3019 pauibundns
550 2953 620 3009 Arn,
640 2951 815 3016 precabundus
833 2950 888 3002 bat.
906 2949 966 3004 Pac.
979 2950 1021 3012 36,
1039 2950 1202 3002 rimabundus
1221 2955 1296 3020 App..
1314 2971 1359 3006 sn·

130 3034 282 3088 intabundus
301 3037 335 3088 ll.
353 3037 423 3103 Cap,
442 3037 630 3104 spumabundus
648 3036 720 3103 App,
738 3035 901 3087 sudabundus
919 3044 976 3087 auct
1003 3052 1077 3086 cerm.
1095 3036 1128 3086 ad
1140 3036 1201 3096 Pia..
1219 3038 1361 3091 usstabuu·

132 3122 179 3172 dus
198 3122 287 3184 aaa.
306 3121 478 3173 uibrabundus
496 3120 531 3174 M.
552 3122 623 3189 Cap,
642 3121 796 3173 uisabundus
815 3121 846 3174 lt.
866 3120 967 3174 1157.
998 3119 1066 3187 Ergo
1085 3120 1119 3172 66
1137 3139 1176 3188 ap.
1196 3121 1279 3173 Rudd.
1297 3139 1359 3174 euu-

131 3206 234 3258 rueratis
255 3236 283 3244 -
304 3224 318 3257 e
337 3207 427 3273 quibus
445 3208 479 3260 30
501 3226 516 3257 a
538 3207 735 3274 deponentibus,
761 3210 771 3258 l
792 3223 868 3259 seusu
891 3205 992 3272 quidem
1015 3206 1123 3258 mediale
1147 3207 1362 3274 (uolutabundus),

129 3291 146 3342 2
168 3311 183 3343 a
204 3292 289 3343 uerbis
313 3292 439 3343 inusitatis
461 3292 667 3360 (amorabundua,
691 3292 894 3356 noatuabnudus)
914 3321 945 3328 —
968 3309 1099 3344 accessere
1121 3293 1167 3352 35,
1188 3310 1252 3344 -o
1271 3295 1361 3360 quibus

134 3376 166 3428 12
185 3376 256 3444 (131)
275 3397 290 3429 a
309 3377 502 3444 deponentibus,
520 3377 536 3426 2
555 3394 631 3429 sensu
650 3377 766 3429 medialis
784 3377 1002 3443 (flammabundue,
1021 3377 1212 3444 uibrabundus),
1238 3378 1260 3438 1,
1279 3387 1307 3430 ut
1324 3379 1361 3434 ui-

133 3460 214 3521 detur,
233 3481 249 3514 a
266 3464 345 3514 uerbo
362 3478 410 3513 non
429 3472 591 3529 comparente
610 3463 795 3531 (uisabundus).
822 3462 940 3516 Ceterum
958 3480 1045 3528 parum
1064 3461 1183 3514 differunt
1201 3481 1217 3514 s
1229 3464 1362 3516 -bundns

132 3546 209 3599 finitis
227 3547 268 3600 uel
285 3550 369 3616 figura
386 3548 428 3599 uel
446 3549 577 3616 propritim
595 3558 721 3616 potestate
740 3549 853 3600 uerbalia
871 3549 896 3600 in
915 3549 1080 3608 -oundrrs,
1098 3557 1126 3599 ut
1144 3547 1271 3609 nomadas,
1289 3550 1361 3602 rubi-

132 3633 234 3692 cundus,
243 3631 364 3697 fecundus
383 3632 417 3684 V.
435 3632 487 3684 Sat.
507 3634 533 3694 8,
552 3636 609 3696 5..,
629 3634 742 3686 iucundus
761 3635 787 3688 C.
808 3634 886 3687 Gord.
905 3635 948 3696 30,
965 3635 1022 3694 4..‚
1041 3633 1187 3697 iniucundus,
1205 3643 1233 3686 ut
1252 3635 1286 3687 V.
1300 3637 1362 3689 Aur.

132 3718 174 3778 41,
195 3720 216 3779 1,
235 3715 379 3770 uerecundius
397 3717 425 3768 C.
445 3718 506 3772 Ver.
524 3718 549 3781 9,
567 3721 622 3780 2..,
641 3719 811 3770 inuerecundus
830 3720 859 3774 lu.
877 3721 935 3773 Hel.
954 3719 979 3779 6,
997 3720 1013 3770 5
1032 3719 1084 3780 all..
1103 3749 1136 3758 -
1159 3727 1186 3770 et
1203 3721 1228 3771 in
1246 3725 1363 3773 -undus

133 3803 191 3867 (nou
210 3802 383 3856 intercedente
401 3806 534 3870 consona),
558 3815 589 3857 ut
605 3803 719 3856 alauda
738 3803 769 3871 (u.
789 3805 930 3871 superius),
955 3804 1092 3856 rot-nudus
1116 3804 1160 3871 Sp.
1180 3804 1259 3859 Hadr.
1283 3805 1363 3873 1114,

128 3914 162 3926 -
183 3889 233 3941 nisi
255 3889 322 3955 quod
345 3888 423 3939 multo
446 3906 507 3941 sane
529 3891 612 3959 magis
635 3907 710 3956 quam
734 3890 778 3940 ills
799 3907 845 3940 usu
868 3890 905 3942 sio
927 3889 1029 3942 uolente
1051 3891 1119 3942 facta
1142 3898 1202 3941 sunt
1224 3889 1287 3943 laneo
1303 3908 1364 3943 uere

126 3971 292 4025 sdiectiua
310 3973 442 4025 nomina.

231 4128 255 4192 1)
279 4128 311 4180 V.
329 4125 386 4178 Car.
408 4127 447 4180 10.
469 4156 501 4165 -
523 4128 550 4192 2)
573 4130 605 4183 V.
625 4129 684 4180 Tac.
705 4128 727 4189 1,
750 4127 766 4178 3
790 4144 818 4176 ne
842 4127 932 4192 aliquis
955 4128 1010 4178 sub
1033 4127 1157 4193 aequabili
1178 4126 1293 4193 dipsitnts
1311 4127 1363 4181 Ro-

128 4211 194 4261 moui
209 4229 294 4278 supera
313 4222 445 4263 remuneret
460 4213 555 4278 imperii
571 4213 613 4282 (ci.
633 4215 660 4267 C.
680 4216 739 4266 Ant.
758 4212 805 4263 Pb.
825 4213 865 4274 12,
886 4214 898 4265 l
919 4213 973 4264 sub
991 4212 1087 4263 ciuitate
1106 4212 1151 4263 libe
1166 4231 1191 4273 o,
1206 4241 1238 4252 ·-
1257 4214 1290 4269 ib.
1309 4214 1364 4275 8,6

128 4299 170 4347 sub
189 4296 245 4358 Pio,
264 4296 309 4364 Sp.
327 4296 407 4350 Hadr.
426 4299 451 4359 3,
469 4298 486 4348 8
508 4301 553 4350 sub
571 4297 669 4350 Suruno
691 4308 715 4349 st
731 4296 852 4350 Susiane
874 4298 955 4366 cosa).
975 4326 1004 4334 —
1030 4297 1059 4360 3)
1078 4298 1107 4351 C.
1125 4299 1196 4352 Part.
1216 4298 1300 4363 112,
1318 4298 1363 4367 Sp.

130 4381 187 4435 Gar.
205 4383 229 4444 1,
247 4382 291 4436 3..
310 4408 344 4420 ·-
360 4382 387 4450 4)
407 4383 435 4435 V.
455 4381 507 4436 Sat.
529 4385 569 4447 10,
587 4384 631 4438 3..
652 4411 685 4422 -
