2872 4852
590 268 871 342 -w—

115 468 259 546 -stris
286 473 451 567 (-stis)‚
487 477 637 548 -steri
671 477 819 566 agrestis
833 474 853 569 ¹,
889 484 1080 569 campester
1088 474 1113 570 ²,
1148 475 1341 571 coelestisl,

116 607 308 701 equester4,
361 611 505 682 illustris
515 607 539 702 5,
592 611 810 703 pedestrisfi,
865 614 1079 706 semestris⁷,
1135 612 1342 708 siluestrisss,

115 744 363 818 terrestrem.

115 965 431 977 mm-

114 1116 213 1167 uentus’
238 1116 385 1184 dedocuit),
408 1115 477 1167 Suet.
501 1118 712 1169 aduenticium
735 1136 861 1171 coenam
884 1138 939 1172 eam
958 1119 1034 1179 dixit,
1061 1137 1126 1187 quae
1149 1123 1180 1170 Ol)
1203 1120 1343 1173 aduentum

114 1201 263 1263 celebratur,
286 1203 322 1253 sic
342 1202 469 1269 complura
487 1203 629 1254 huiusmodi
648 1202 704 1257 Icti
721 1203 890 1271 frequentant,
913 1214 941 1256 ut
957 1205 1108 1273 aquaticium
1127 1205 1165 1257 ius
1183 1206 1199 1258 i.
1218 1223 1241 1258 e.
1261 1223 1342 1272 agna-

113 1295 195 1338 torum
208 1293 239 1340 'u.
258 1306 289 1338 ex
307 1288 449 1353 agnatione,
468 1280 636 1348 condieticius,
654 1289 814 1340 seneraticius
827 1312 860 1335 =
873 1290 991 1349 fenebris,
1009 1289 1196 1357 pignoraticius,
1216 1320 1245 1327 -
1266 1290 1342 1358 quiu-

113 1373 188 1424 etiom
206 1374 316 1425 finaliter
334 1374 589 1439 comparaticium
607 1393 707 1425 nurum
725 1376 760 1435 id,
778 1376 845 1442 quod
862 1375 903 1426 ad
919 1376 1096 1442 comparandas
1113 1385 1198 1427 uestes
1211 1387 1341 1442 erogatur.

12 1481 18 1490 ·
113 1459 165 1510 Sed
174 1460 249 1526 longe
259 1459 367 1526 plurima
378 1460 402 1508 in
413 1459 509 1510 -icius
519 1460 638 1519 umbella,
645 1469 732 1526 utpote
742 1460 859 1512 inclinata
869 1461 922 1512 scre
932 1461 1091 1528 aparticipiis
1100 1461 1163 1527 perf.
1170 1480 1246 1527 pesa,
1253 1462 1340 1513 horum

113 1554 139 1594 et
149 1545 262 1595 referunt
271 1544 331 1602 uim,
336 1544 361 1594 id
372 1543 544 1610 significando,
549 1543 616 1610 quod
625 1545 763 1596 subiectum
773 1545 873 1612 aliquod
884 1545 994 1611 eo,qucd
1004 1554 1060 1596 netu
1071 1554 1110 1596 ost
1116 1544 1243 1605 affectum,
1249 1546 1341 1597 exinde

112 1629 159 1679 sibi
172 1629 271 1688 habeat,
284 1638 312 1679 ut
325 1628 473 1679 scholastice
486 1628 582 1695 loquar,
595 1630 755 1681 attributum:
768 1630 843 1696 isqui
857 1640 897 1681 est
906 1630 1028 1697 ascriptus
1038 1631 1127 1682 exinde
1137 1639 1176 1682 est
1186 1631 1287 1697 dicique
1297 1649 1340 1699 po-

113 1723 163 1765 test
181 1714 397 1780 ascripticius.
428 1714 474 1765 Est
492 1714 557 1765 euim
575 1714 638 1766 haec
656 1715 789 1782 peculiaris
807 1716 880 1767 huius
898 1715 1069 1767 inclinamenti
1086 1716 1133 1777 uis,
1152 1723 1180 1766 ut
1198 1716 1341 1784 participia,

113 1799 212 1866 integra
239 1799 375 1856 sententia,
407 1798 529 1865 refiguret
557 1800 582 1849 in
609 1800 734 1851 adiectiua
760 1802 893 1866 signetque
919 1801 1083 1851 attributione
1110 1800 1244 1852 functionis
1272 1811 1340 1854 uota.

111 1886 221 1950 Cumque
245 1901 305 1934 saue
328 1884 352 1934 in
376 1884 503 1934 nonnullis
527 1885 600 1935 huius
623 1886 738 1952 generis,
763 1895 796 1935 ut
816 1886 841 1936 in
862 1885 1006 1945 adiectione,
1030 1886 1098 1937 uotio
1118 1885 1237 1952 temporis
1258 1886 1339 1938 minus

110 1972 196 2022 stricte
216 1979 368 2031 noscitetur,
391 1970 426 2020 ita
444 1979 537 2020 utnon
556 1979 616 2030 tam,
641 1971 702 2036 quid
721 1971 815 2022 factum
834 1971 866 2021 sit
884 1971 1032 2031 subiectum,
1049 1970 1094 2022 sed
1111 1971 1172 2037 quid
1190 1971 1247 2022 fieri
1260 1971 1340 2024 solent

110 2056 269 2122 (postolotieii
283 2055 520 2121 pladiatoresSeni
538 2055 594 2106 fieri
613 2055 691 2122 possit
709 2055 892 2120 (nundinaticios
905 2056 975 2107 Tert.
993 2074 1017 2122 q.
1032 2057 1137 2116 uenalis,
1155 2056 1339 2108 circumlaticius

110 2159 192 2192 carcer
212 2142 256 2192 Sid
278 2143 292 2192 i.
312 2143 353 2207 qui
373 2141 528 2192 circumferri
546 2141 648 2207 potest),
666 2141 721 2191 fieri
740 2141 832 2192 debeat
850 2141 1018 2203 (damnaticios
1036 2141 1105 2195 'l'crt
1124 2159 1147 2207 q.
1167 2143 1339 2206 damnabilis),

110 2227 244 2279 uideantur
256 2227 407 2294 significare,
426 2226 538 2292 adeoque
557 2227 679 2291 quaedam
698 2227 772 2277 etism
791 2227 964 2292 passiuitatem
983 2227 1104 2278 abiecisse
1124 2227 1339 2292 (casiniendariciae

111 2313 200 2374 literae,
222 2313 324 2363 tabellae
344 2312 405 2371 cic,
423 2312 507 2362 —nisi
527 2311 591 2361 sorte
609 2310 656 2360 hoe
674 2311 789 2378 primitus
808 2311 866 2362 suit:
886 2312 1127 2363 commendatriciae
1139 2341 1181 2371 -,
1200 2311 1338 2363 stillaticia

111 2398 177 2449 Plin.
196 2416 219 2464 q.
239 2397 345 2457 stillans,
364 2396 480 2446 eiecticiae
502 2396 566 2446 Pliu.
584 2394 630 2454 XI,
648 2395 689 2457 84,
707 2395 758 2445 210
776 2417 808 2440 =
828 2397 869 2462 qui
888 2425 920 2432 —
939 2411 971 2449 ex
990 2414 1017 2447 ae
1036 2398 1151 2458 -eiecit,
1169 2426 1204 2435 -
1219 2417 1338 2465 procreen-

111 2484 179 2534 tieios
198 2486 226 2536 C.
245 2485 328 2550 Auia),
350 2482 425 2549 longe
445 2483 572 2532 sissimo
590 2491 673 2532 tamen
690 2500 766 2546 pers
783 2482 922 2534 uerbalium
940 2484 965 2534 iu
987 2484 1081 2534 -icius
1099 2484 1226 2550 propriam
1245 2501 1275 2536 ac
1291 2502 1336 2552 ge·

108 2568 210 2619 uuiuam
233 2568 283 2618 uim
303 2566 437 2632 perfecti
459 2575 586 2617 retentant
609 2567 718 2632 itemque
744 2585 824 2634 genus
851 2567 971 2634 primitiui
999 2569 1118 2619 nerbalis.
1160 2569 1337 2636 Exemplorum

108 2653 205 2719 copiam
218 2653 279 2704 satis
291 2653 388 2720 largam
400 2651 491 2704 indidi:
511 2652 679 2719 adoptaticius
692 2653 783 2714 Plaut,
801 2653 963 2714 aduecticius,
982 2653 1136 2705 aduenticius
1151 2655 1236 2718 (penes
1249 2658 1335 2716 auius,

107 2740 245 2805 aemilium),
266 2739 394 2798 caesicius,
418 2739 565 2799 collatieins,
587 2738 782 2799 commenticios,
805 2740 984 2800 conducticius,
1008 2739 1184 2807 congesticius,
1203 2740 1334 2793 conuenti-

107 2825 159 2877 cius
179 2826 273 2890 (potres
291 2823 393 2891 Plani),
419 2823 560 2883 dediticius,
583 2824 748 2885 demissicius,
773 2825 897 2887 editicios,
920 2825 1068 2886 emissicius,
1087 2825 1226 2892 empticius,
1246 2843 1334 2894 excep-

107 2911 189 2972 ticius‚
207 2910 377 2978 expositicius,
396 2910 519 2969 facticius,
542 2911 657 2970 ficticius,
680 2910 794 2962 fossicius
813 2911 895 2973 Vara,
914 2911 979 2961 Pliu.
998 2908 1055 2976 (sci,
1074 2913 1169 2974 creua),
1192 2911 1334 2977 importati-

107 2995 159 3046 cius
178 2995 208 3047 B.
227 2997 282 3048 Alr.
304 2995 477 3060 (frumentum),
496 2995 660 3062 impositicius
679 2996 753 3047 Varr.
774 2997 904 3059 (nornine),
928 2995 1058 3056 insiticius,
1077 2995 1233 3056 inuecticius,
1251 2995 1333 3049 misai·

106 3081 158 3132 cius
178 3079 258 3141 Suet,
277 3080 443 3148 perpessicius
461 3080 519 3133 Seu.
539 3080 607 3145 (aot,
626 3089 653 3131 ut
671 3099 686 3130 a
703 3080 817 3146 dapem),
840 3080 1005 3146 proiecticius,
1030 3081 1187 3147 recepticius,
1211 3082 1333 3150 surrepti-

105 3167 165 3226 cins,
184 3166 336 3226 tralaticius;
351 3193 380 3202 ·-
401 3183 491 3218 rece:
512 3164 644 3216 additicius
662 3163 730 3216 Tert.
750 3163 807 3227 Dig.
827 3164 950 3228 (mensis),
968 3164 1130 3216 affectaticius
1148 3164 1218 3218 Cass.
1240 3166 1333 3232 (sides),

105 3250 261 3318 arrepticius,
274 3249 467 3301 assimulatioius
479 3248 507 3302 C.
522 3249 578 3307 Th,
591 3248 779 3310 commixticius,
792 3249 973 3315 compacticius,
987 3249 1172 3318 compositicius
1185 3251 1255 3305 'lert
1268 3254 1333 3307 an.9

105 3353 169 3386 omne
186 3335 316 3401 effipictom
334 3335 523 3407 compositum
540 3342 563 3383 et
579 3333 697 3393 sunctile,
721 3332 858 3383 dissolubile
879 3343 955 3385 cotem
978 3352 1041 3385 omne
1059 3335 1290 3403 compositicium
1308 3345 1334 3388 et

104 3420 217 3482 stmetile,
236 3420 429 3473 concinnaticius
448 3422 522 3487 App,
546 3419 685 3480 deleticius‚
708 3419 844 3487 erepticius
862 3419 928 3488 oig,
953 3421 1114 3473 exsulatlcius
1132 3421 1166 3488 gl.
1187 3419 1247 3489 (lyr.
1261 3423 1331 3489 sopi-

105 3507 176 3568 tique,
194 3506 368 3573 flagellatieiu.
386 3507 423 3574 gl,
443 3487 596 3572 μαστιγίας,
615 3503 790 3556 immolaticius
808 3506 873 3573 Aug.
891 3505 975 3566 Coss,
997 3505 1145 3557 inducticius
1163 3507 1212 3572 gl,
1235 3508 1329 3559 instau-

104 3592 205 3643 ratlcins
228 3592 319 3653 Mser,
341 3592 469 3644 loeatieius
491 3589 544 3642 sid.
572 3587 653 3649 Salia,
676 3589 798 3640 misticins
825 3589 895 3642 Hier.
917 3591 1046 3656 (mestizo),
1068 3590 1200 3642 oblaticius
1224 3591 1278 3644 Sid.
1303 3590 1329 3644 0.

103 3675 209 3738 Theod,
222 3677 376 3747 obreptic'prs
389 3677 416 3730 C.
427 3675 521 3726 'l'heod
534 3675 624 3741 Prosp.
635 3675 692 3740 Aq,
705 3675 825 3741 pacticius
837 3674 913 3736 Gell,
926 3676 1092 3742 praedaticius
1106 3675 1182 3737 (3011,
1198 3677 1329 3744 pressicios

103 3761 161 3817 Not.
180 3762 242 3822 uir„
261 3762 421 3830 proiecticius
440 3761 506 3828 vig,
525 3761 708 3828 prouocaticlus
725 3759 803 3822 lert,
822 3761 987 3821 sideraticius‚
1007 3761 1234 3830 superinducticios
1252 3762 1328 3823 lert,

102 3848 267 3912 traiecticius‚
294 3847 505 3914 transcripticius,
528 3847 668 3898 uenaticius
692 3849 772 3897 Arum.
796 3846 929 3911 (praedo),
949 3877 979 3885 -—
1004 3848 1093 3913 qulbus
1112 3849 1235 3900 accedunt
1253 3868 1268 3900 a
1283 3866 1327 3900 no·

102 3932 148 3984 tris
171 3932 379 3993 subditicius,
402 3932 618 3984 tractaticius.

206 4103 230 4171 1)
248 4101 291 4170 Sp.
309 4101 387 4154 Hadr.
407 4101 432 4160 3,
453 4104 475 4155 l.
494 4132 526 4140 -
549 4102 575 4168 2)
596 4102 668 4154 Vulc.
688 4102 758 4154 Coss.
776 4103 801 4162 4,
818 4102 834 4154 7
854 4111 983 4167 campestre
1001 4119 1035 4154 sc.
1054 4103 1176 4169 sagulum.
1191 4131 1223 4141 -
1243 4104 1268 4171 3)
1286 4103 1327 4169 Sp.

102 4186 180 4240 Hadr.
198 4187 223 4252 2,
241 4191 267 4249 4,
287 4188 315 4240 [ι.
335 4186 408 4238 Diod.
428 4188 452 4246 3,
471 4188 511 4241 3..
531 4217 564 4226 -
582 4187 608 4255 4)
628 4186 656 4240 C.
675 4187 751 4238 Macr.
770 4186 796 4248 6,
813 4187 855 4239 8..
875 4214 908 4225 -
930 4187 956 4253 5)
974 4185 1017 4252 Sp.
1036 4186 1094 4239 Seu.
1115 4188 1154 4250 12,
1175 4191 1197 4252 l,
1218 4190 1247 4242 V.
1266 4190 1325 4239 Aur.

105 4273 125 4332 l,
146 4274 186 4324 1..
206 4302 238 4311 —
256 4273 283 4340 6)
303 4273 333 4326 V.
354 4272 430 4323 Prob.
448 4272 490 4330 21,
510 4275 533 4331 1,
552 4271 580 4325 C.
599 4272 678 4325 Macr.
696 4272 720 4332 6,
739 4271 783 4325 8..
804 4301 832 4311 -
853 4271 881 4335 7)
900 4272 928 4322 L.
947 4271 987 4324 Al.
1006 4272 1048 4332 64,
1069 4274 1092 4325 l.
1114 4302 1143 4310 —-
1167 4274 1193 4340 8)
1212 4273 1240 4328 C.
1260 4274 1324 4325 Max.

101 4355 143 4415 28,
162 4357 178 4404 2
198 4395 204 4408 .
224 4384 255 4394 —
274 4358 301 4424 9)
320 4357 515 4423 Significatiouis
534 4357 608 4407 etiam
627 4375 721 4423 genere
741 4357 898 4422 (:laueus)‚
917 4365 945 4406 ut
963 4356 1070 4416 uidetur,
1090 4358 1189 4410 denium
