2872 4852
585 242 842 314 ..ssq..

104 451 137 540 8,
168 450 202 522 8.
257 448 353 538 Quod
382 446 420 520 O.
448 448 542 519 Pert.
572 449 605 537 6,
636 448 658 517 3
685 447 830 538 legitur:
859 452 925 518 ianr
948 450 1079 540 postero
1106 445 1329 518 Kalendarum

102 586 153 657 dir
177 589 375 681 grmrrcraal
406 586 534 676 ru'lr'los,
568 623 619 637 --·
651 605 727 654 cum
761 588 803 655 et
835 590 1035 656 numeretur
1067 585 1141 656 dies
1175 583 1329 679 (postera

103 724 176 795 eius
203 724 282 812 diei,
312 742 452 811 quaes.
483 722 504 791 2
532 720 682 793 indicata
709 721 775 812 est)
807 726 848 792 et
880 722 989 812 qualis
1022 720 1127 793 fucrit
1154 720 1327 794 describa-

101 864 159 930 tur
186 857 277 952 (erat
303 860 335 929 d.
364 855 623 951 Kalendarum),
652 858 823 946 posterius
850 859 894 928 ad
921 860 1209 929 constructionem
1226 879 1327 948 prae·

104 997 252 1066 ualuisse
292 996 440 1067 uidetur.
508 994 716 1085 Repugnant
748 1015 832 1068 sanc
863 995 1003 1086 regulae
1037 995 1103 1066 duc
1137 995 1204 1066 loci
1236 996 1328 1067 eius-

104 1132 181 1222 dem
208 1131 410 1223 Capitolini:
451 1132 533 1203 Ant.
569 1131 632 1202 Ph.
664 1132 722 1222 28,
753 1133 775 1203 8
802 1136 975 1232 seplr'rac
1000 1131 1052 1200 dia
1075 1134 1243 1226 graeculas
1269 1134 1328 1223 ast,

103 1269 245 1340 Maxim.
278 1271 335 1359 17,
365 1269 386 1339 5
421 1274 499 1338 cirac
530 1290 565 1338 33
592 1273 726 1360 parrae
759 1267 811 1338 dic
842 1267 988 1338 obruisse
1020 1267 1156 1359 diadar,
1184 1306 1237 1318 --
1269 1269 1331 1340 scd

104 1425 179 1476 cum
207 1408 242 1475 in
268 1404 376 1477 altero
403 1406 631 1495 praecesserit
665 1409 769 1474 sexta
803 1404 858 1474 die
890 1406 984 1495 (Ant.
1020 1404 1084 1476 Ph.
1121 1406 1180 1498 28,
1209 1402 1266 1498 4),
1293 1407 1331 1476 in

103 1544 211 1613 altero
252 1544 480 1632 subsequatur
518 1563 545 1612 s.
582 1543 603 1612 6
652 1541 725 1611 alla
759 1540 867 1611 dle..
903 1541 1072 1611 corrsr'lr'ara
1105 1539 1234 1631 dabrrll,
1270 1542 1331 1612 uix

103 1680 261 1768 cuiquam
289 1678 429 1750 dubium
457 1699 531 1749 esse
565 1682 689 1768 potest,
727 1678 808 1767 quin
841 1681 988 1768 utroque
1021 1678 1096 1750 loco
1128 1677 1330 1749 femininum

103 1816 149 1886 sit
174 1816 417 1904 reponendum.
473 1815 540 1887 Sed
568 1816 716 1905 Vopisco
743 1836 805 1886 sua
830 1816 1072 1906 relinquimus,
1106 1816 1165 1904 qui
1192 1816 1331 1905 scripsit

103 1951 187 2022 Aur.
219 1952 251 2043 5,
282 1953 305 2021 4
332 1975 431 2022 marra
457 1974 518 2022 saa
545 1975 625 2022 rrrra
651 1953 702 2023 dle
729 1952 1329 2048 33331φά31313313313131331331333,

98 2089 255 2180 plurimis
281 2091 386 2158 orclem
414 2092 445 2158 cl
470 2088 610 2159 diuersis
637 2087 749 2159 dichrrs
775 2092 957 2185 acragaalos
974 2092 1228 2184 qur'aqacglala,
1250 2089 1329 2161 Tac.

108 2225 164 2315 11,
195 2227 213 2296 1
243 2227 485 2295 literaturam
511 2230 583 2294 ar'ru
608 2228 693 2295 lala
718 2225 771 2295 dra
796 2247 962 2319 arrrrqrraru
985 2228 1158 2318 polarrrrr‘l.

206 2359 354 2432 Nomina
368 2361 535 2451 quaedam
553 2361 1330 2453 r'rrallanrdcolr'aatloaerrscinduerunt,

103 2498 211 2568 ueluti
239 2497 451 2569 secundae
484 2497 611 2568 formas
645 2497 791 2568 efferunt
823 2499 856 2589 a)
884 2521 971 2589 quae
1005 2504 1161 2589 quartam
1195 2498 1334 2590 regula·

104 2637 167 2705 tim
193 2640 382 2725 sequuntur
407 2656 557 2706 scarras
583 2635 623 2706 L.
653 2634 782 2706 Oomm.
814 2636 847 2726 3,
879 2637 899 2706 6
929 2641 963 2705 c'a
990 2657 1103 2728 carro,
1133 2639 1332 2731 coralcrrp·

105 2775 118 2840 l
124 2793 170 2841 as
213 2773 258 2844 ib.
295 2794 321 2842 s.
360 2771 381 2842 9
424 2775 460 2841 al
487 2772 583 2868 [13331
632 2775 808 2865 contemplo
861 2772 1159 2862 (quemadmodum
1199 2775 1334 2892 affecto²

105 2913 244 2998 conato,
286 2913 420 2998 sumpto
455 2909 510 2981 all.
547 2930 566 2979 3
597 2909 754 2999 Digestis
789 2909 1001 2980 Schuchardt
1028 2909 1242 2982 Vocalismus
1276 2913 1336 2983 des

104 3045 362 3134 Vulgarlateins
388 3046 431 3136 Π,
465 3046 548 3135 188,
575 3045 650 3117 Dec
677 3043 813 3116 Euento
842 3044 879 3116 O.
907 3045 940 3117 J.
970 3046 1047 3117 Lat.
1076 3048 1120 3138 ΙΙ,
1151 3070 1184 3118 n.
1215 3051 1334 3138 2412;

105 3183 180 3252 sim.
210 3184 365 3270 punctus,
394 3183 407 3252 i
434 3203 495 3271 pro
524 3185 679 3270 punctus,
709 3202 749 3251 us
777 3179 899 3276 (Plin.)
918 3189 1145 3273 :punctum
1163 3183 1331 3276 Gromat,

104 3318 225 3388 Boeth.
246 3318 383 3388 arithm.
409 3318 452 3408 Π,
484 3318 543 3408 30,
572 3316 666 3408 lsid,
696 3317 816 3411 gloss.)
826 3313 878 3412 *);
912 3326 1010 3391 -et
1037 3343 1180 3393 eoornu
1205 3322 1333 3394 factum

104 3477 299 3525 curacura
351 3456 407 3526 Tr.
444 3453 531 3527 Gall.
568 3455 609 3545 8,
646 3457 667 3526 2
701 3462 831 3527 corruas
876 3480 958 3528 auro
1004 3463 1145 3556 iugalis,
1190 3464 1230 3531 ut
1269 3481 1332 3551 pro

105 3595 236 3663 tonitru
262 3593 482 3683 iampridem
510 3591 565 3684 (cl.
586 3590 663 3663 Scn.
684 3597 753 3664 nat.
775 3616 853 3686 quu.
874 3596 918 3687 Π,
941 3595 999 3687 56,
1024 3597 1059 3688 1)
1086 3599 1329 3688 lorrilraara,

105 3730 195 3820 quod
223 3734 336 3801 exstat
364 3731 421 3801 Tr.
445 3727 533 3801 Gall.
552 3729 585 3820 5,
616 3729 637 3800 3
665 3730 812 3802 aradr'loar
839 3736 1015 3804 loar'lraara
1042 3733 1116 3826 (sed
1142 3734 1209 3807 abl.
1238 3736 1330 3807 toni-

104 3871 162 3936 tru
189 3864 231 3937 V.
261 3864 338 3936 Car.
369 3867 402 3957 8,
433 3867 467 3957 3,
509 3887 587 3958 gen.
616 3867 662 3958 pl.
704 3871 894 3941 tonitruum
920 3872 967 3943 ib.
996 3892 1022 3942 s.
1054 3870 1158 3962 6,ss.
1201 3871 1329 3944 Pacuu.

105 4005 141 4074 in
171 4004 302 4075 Teucro
329 4001 371 4074 fr.
400 4003 476 4096 XV,
508 4003 565 4099 2);
589 4046 628 4055 -
651 4004 728 4100 b)c
757 4007 779 4078 3
807 4006 891 4079 decl.
920 4011 1136 4098 transgressa
1161 4010 1330 4082 euraclo-

206 4307 232 4372 1)
269 4309 290 4360 Ε
308 4316 394 4360 contra
411 4305 454 4375 sp.
473 4306 531 4362 Son.
551 4308 590 4371 22,
612 4308 630 4359 4
648 4313 672 4360 ὀ
690 4307 835 4376 cupressu’,
853 4335 887 4347 -
906 4307 951 4360 scd
969 4325 1019 4361 non
1036 4327 1109 4366 nouo.
