2872 4852
585 264 842 339 ...86-

102 495 271 546 memorem
299 474 392 544 ittam
418 475 605 568 magisterii
628 474 782 542 aestri..
809 475 841 542 et
860 472 987 564 poedore
1014 472 1270 570 fleateadam
1296 477 1327 544 et

103 616 284 684 racematio
331 611 410 681 mot
416 610 430 680 t
435 615 449 680 i
454 609 612 700 eredom,
663 608 836 703 reattasqae
886 616 973 702 r'psos
1019 613 1144 681 nostros
1195 615 1327 682 mimimo

102 752 420 842 aspernatorem
427 767 442 832 ;
470 746 563 837 Sulp.
593 746 709 817 Seuer.
739 747 809 817 chr.
836 746 863 838 Ι,
897 747 953 838 11,
985 747 1005 817 5
1034 752 1128 818 eraat
1153 753 1187 816 ia
1215 747 1326 818 eadem

102 885 246 957 eastodia
272 888 416 955 ministri
446 890 538 980 regis
564 883 643 975 dieo,
684 888 742 978 qai
781 906 853 953 eam
887 888 1013 954 sommia
1044 906 1105 954 saa
1139 884 1185 953 ad
1207 882 1326 977 tosepd

101 1023 296 1114 retulissent,
326 1045 426 1093 sorerem
452 1042 562 1092 eoram
584 1041 708 1113 moereas
733 1022 838 1112 eapite
870 1020 1088 1112 taitaram,
1122 1021 1224 1091 otiam
1259 1019 1326 1092 ab·

102 1158 337 1230 sotaeadam
359 1161 608 1251 moneamima't3
636 1197 688 1208 -
713 1157 754 1228 of.
784 1163 819 1229 ot
846 1158 968 1229 Adam.
997 1159 1099 1231 Misn.
1120 1163 1207 1250 gest.
1228 1164 1323 1249 pont.

101 1296 236 1368 Hamm.
264 1295 325 1386 III,
357 1295 403 1367 38
431 1300 496 1364 iam
518 1290 648 1385 peritiae
679 1293 864 1365 diaiaomtes
898 1294 1229 1391 Hammabargeasem
1258 1319 1324 1389 pa-

102 1429 279 1502 triarcham
306 1434 367 1502 rito
391 1452 513 1524 papam
535 1430 695 1526 tectiorem,
724 1432 866 1503 aematos
892 1454 968 1502 sees
994 1455 1015 1501 o
1041 1439 1133 1502 caria
1161 1432 1325 1525 demadem·

102 1568 168 1658 dm,
197 1573 301 1660 ipsam
329 1588 406 1638 aem
432 1567 489 1637 dia
512 1564 810 1663 goter·aotaram);
843 1609 895 1621 -
928 1567 984 1659 Sp.
1014 1569 1120 1641 Hadr.
1157 1570 1189 1661 3,
1223 1571 1272 1642 10
1307 1592 1327 1640 a

104 1704 190 1775 Sara
217 1707 371 1797 comperit
395 1703 669 1797 adoptandam
695 1726 730 1776 se
747 1727 768 1774 a
787 1704 926 1776 Traiano
953 1705 1004 1800 (id
1024 1706 1114 1797 quod
1131 1728 1220 1778 nono
1247 1709 1327 1797 post

103 1864 190 1915 anno
218 1840 389 1934 contigitt,
417 1843 462 1914 id.
491 1843 560 1915 Jul.
592 1844 624 1933 3,
657 1844 677 1913 7
705 1846 777 1912 erat
802 1848 837 1912 ia
862 1842 934 1913 odio
963 1843 1081 1936 papati
1113 1843 1263 1915 Iatiamrs
1287 1842 1326 1915 ob

102 1978 161 2051 lma
192 1979 280 2074 qaod
315 1980 471 2051 ereditmm
501 1979 626 2076 soeret,
669 1979 919 2050 emendationem
952 1983 1129 2073 temporam
1166 1980 1328 2052 Commodi

102 2114 282 2188 Pertinacis
321 2120 510 2188 aaetoritate
546 2116 833 2209 reparandam,
876 2114 1117 2211 debebatarqoe
1157 2120 1204 2188 ita
1230 2123 1327 2213 amasi

103 2254 225 2324 Iatiaai
248 2254 382 2324 aoresitio
415 2257 498 2325 esset
530 2256 759 2346 interemptam
786 2254 832 2325 id.
861 2253 956 2324 Posc.
990 2254 1045 2343 10,
1077 2256 1097 2325 7
1134 2258 1230 2325 iassit
1259 2278 1323 2348 pa·

101 2387 182 2460 ttiee
207 2389 465 2460 commendarent
490 2389 623 2481 (numos
650 2388 762 2483 suos),
792 2393 954 2482 receptari
974 2394 1050 2483 post
1071 2391 1215 2484 praetia,
1244 2391 1330 2488 qaod

102 2526 267 2617 dederant,
296 2525 428 2618 adderes,
457 2523 568 2596 tiberis
594 2529 677 2597 oerte
709 2526 970 2618 reddendam,
1006 2534 1061 2598 emi
1091 2532 1231 2599 emisset
1264 2527 1324 2624 (so.

102 2662 305 2734 hereditatis
332 2663 438 2755 iure);
478 2664 523 2735 id.
554 2661 643 2736 Geta
671 2665 704 2756 3,
734 2664 754 2735 6
784 2664 871 2759 qaod
907 2670 1004 2761 sigma
1041 2666 1108 2748 tait
1150 2665 1260 2736 Getam
1287 2664 1326 2737 ao

102 2800 262 2871 Amtorm'mo
289 2801 625 2889 intermortuam
651 2802 692 2872 L.
720 2801 798 2873 Hel.
829 2801 862 2894 9,
894 2804 914 2872 2
943 2822 1131 2894 respersam
1153 2803 1268 2896 faisse,
1287 2801 1326 2874 ao

103 2937 262 3008 Aretoaiao
288 2936 406 3009 bellam
434 2936 726 3009 Marcomaaaioam
746 2939 773 3033 f
772 2945 786 3007 i
791 2943 833 3007 ai
840 2960 884 3007 ea
893 2938 998 3029 deorse,
1033 2939 1132 3009 Alex.
1164 2939 1196 3031 6,
1229 2939 1325 3032 2(θΧ

103 3078 167 3144 aet.
196 3071 289 3166 urb.)
317 3073 404 3167 qaod
427 3077 524 3143 sciret
548 3073 588 3144 de
613 3071 787 3142 temeritas
813 3078 882 3142 sais
908 3074 1133 3168 agendam·
1179 3074 1216 3147 O.
1246 3076 1322 3148 Alb.

104 3210 138 3301 3,
169 3211 187 3279 1
218 3208 331 3279 aideas
362 3208 563 3278 Comemodam
590 3207 843 3302 qreaadoeemqae
864 3210 1119 3305 feriendam,
1156 3215 1188 3282 et
1213 3217 1326 3283 timeas

102 3372 143 3420 aa
168 3355 237 3442 ipse
261 3352 388 3443 pariter
413 3347 624 3434 occideretur,
670 3347 702 3436 5,
731 3348 751 3417 7
793 3344 889 3416 aaa
894 3347 908 3417 t
914 3352 928 3417 i
933 3346 1102 3417 tamdem
1128 3351 1226 3418 etiam
1252 3347 1326 3420 tiae

104 3483 275 3580 (filiolum)
301 3506 457 3579 sperarem
483 3484 539 3575 Sp.
570 3482 646 3556 Gar.
679 3485 709 3576 1,
741 3485 774 3575 2,
805 3485 861 3555 Tr.
891 3483 1006 3556 Valer.
1037 3484 1069 3576 8,
1100 3485 1133 3576 4,
1163 3483 1203 3556 L.
1224 3485 1323 3558 Diod.

105 3625 138 3714 2,
169 3624 209 3712 8;
238 3621 370 3718 (addito
398 3622 505 3714 esse)
539 3620 575 3693 G.
602 3620 782 3695 Maximis.
812 3623 870 3713 22,
904 3624 922 3692 1
964 3624 1060 3692 etiam
1099 3621 1193 3691 darem
1234 3622 1325 3695 Bete-

103 3782 181 3830 arem
216 3781 278 3853 per
316 3759 505 3852 dareespiees
544 3758 746 3851 rasamedisse
778 3754 996 3829 Maaimiaam
1035 3780 1122 3828 esse
1161 3765 1325 3832 mirarem-

103 3899 208 3991 dam,
236 3898 278 3970 V.
308 3898 387 3970 Tac.
418 3899 450 3988 7,
481 3896 502 3967 6
531 3919 602 3968 eom
629 3917 740 3967 reeraor
766 3898 955 3985 emersisset,
982 3893 1075 3964 ittam
1101 3901 1327 3988 imperatorem

104 4058 192 4107 esse
212 4035 465 4131 taciendam,
494 4033 640 4106 discessit
664 4037 760 4127 atqae
791 4038 827 4102 im
853 4029 978 4101 Baiamo
1010 4030 1133 4102 demtos
1165 4032 1327 4105 morositas

99 4174 175 4268 fait,
204 4173 244 4245 L.
274 4173 374 4244 Alex.
408 4173 463 4264 13,
495 4175 534 4263 73
562 4171 638 4263 (per
663 4176 819 4261 tempora
842 4169 1092 4259 coniugationis
1120 4193 1151 4262 q.
1173 4170 1204 4241 d.
1234 4173 1326 4261 pon'-

103 4309 314 4405 phrmtioae)
341 4312 398 4384 Tr.
428 4310 516 4384 Gall.
550 4310 606 4402 19,
635 4310 655 4380 7
690 4313 726 4378 ia
759 4305 841 4378 libro
881 4312 939 4403 qai
977 4306 1016 4377 de
1054 4311 1134 4405 trig.
1176 4312 1326 4404 tyramm's
