2872 4852
591 282 842 352 ..74-

102 494 173 560 tam
200 510 221 561 a
253 488 476 560 substantiuis
515 488 551 558 in
577 527 629 540 -
648 491 741 578 atus,
781 527 832 538 --
866 491 1039 558 amentum
1071 485 1260 579 (interdum
1293 491 1328 558 et

102 627 228 717 -tio),
248 645 349 715 quam
363 646 383 696 1
396 625 588 715 participiis
602 627 637 694 in
660 627 783 695 —atus
800 623 1005 713 repetendas
1022 624 1148 695 formas
1166 644 1326 715 compen-

103 762 213 833 diatas
231 764 345 834 in-o
361 759 445 856 (-to)
455 762 488 832 11.
499 781 528 832 1.
543 782 633 831 -us
658 760 860 852 inuenimus,
877 761 933 832 uel
948 782 1011 832 usu
1023 763 1192 834 communi
1206 782 1326 852 recep-

102 904 156 970 tas
175 899 231 969 uel
256 919 318 988 pro
346 899 473 988 eloquii
499 897 600 970 modo
626 901 808 987 usurpatas
833 901 872 968 ut
899 902 982 987 puta
1008 898 1105 987 ploro
1130 895 1324 991 (ploratus),

101 1036 189 1125 volo,
223 1075 264 1085 ·-
295 1035 435 1107 sollievo
463 1032 753 1129 (sollenamento),
780 1035 923 1125 riparto,
952 1074 1003 1084 -
1029 1035 1163 1124 appello
1191 1034 1325 1129 (appel-

102 1170 219 1263 latio),
247 1176 422 1262 concerto,
454 1212 498 1223 -
533 1176 650 1262 presto
685 1169 877 1264 (prestito),
905 1174 1003 1260 peste
1019 1168 1214 1264 ¹(pestate),
1244 1193 1325 1262 rap-

102 1314 218 1399 porto,
246 1310 391 1400 ritoceo,
421 1307 567 1400 1111111,
596 1309 723 1400 scalzo,
751 1349 803 1360 -
837 1309 927 1399 quod
960 1314 1013 1380 est
1030 1341 1082 1366 =
1098 1309 1325 1400 excalceatus,

102 1447 198 1517 cuius
238 1445 313 1516 loco
350 1445 548 1516 ‘excalceus’
589 1447 657 1516 iam
685 1444 863 1517 Saluianus
897 1450 932 1515 et
970 1444 1133 1516 Paulinus
1172 1444 1326 1518 Nolanus

102 1582 304 1654 habuerunt.
345 1582 427 1654 Tale
447 1584 663 1673 potissimum
683 1586 877 1655 nostrorum
898 1581 992 1672 illud,
1014 1582 1103 1672 quud
1118 1603 1221 1673 supra
1233 1583 1280 1673 (p.
1293 1584 1330 1677 5)

103 1718 220 1810 indidi,
250 1721 427 1813 affectos
452 1741 515 1810 pro
543 1720 720 1792 affectatus
745 1719 884 1791 uidetur
911 1740 996 1809 esse,
1025 1739 1100 1790 cum
1128 1741 1194 1809 quo
1222 1719 1325 1792 Salm.

103 1855 206 1946 (Hist.
235 1856 326 1947 Aug.
355 1877 438 1928 scm.
467 1876 496 1928 c.
525 1859 616 1929 notis
642 1855 799 1948 Gasaub,
834 1856 935 1928 Salm
966 1861 1001 1926 et
1028 1853 1187 1948 Gratusi,
1214 1856 1254 1927 L.
1284 1858 1324 1929 B.

107 1992 214 2083 1671,
250 1997 287 2062 1.-
310 1993 337 2083 1,
366 2014 399 2083 p.
436 1990 526 2087 442)
567 1994 711 2066 contulit
737 1997 774 2064 11
802 1997 932 2064 tractus
963 1997 1070 2082 part,
1113 1992 1204 2082 quod
1236 1992 1326 2066 Just.

103 2128 196 2220 XVI,
227 2130 261 2220 4,
293 2129 314 2199 3
342 2128 473 2220 aliquot
500 2129 597 2201 codd.
632 2130 800 2220 praebent
831 2151 894 2220 pro
928 2133 1106 2220 tractatus,
1136 2134 1329 2202 attractus

103 2264 209 2336 subst.
251 2286 313 2355 pro
352 2270 520 2337 tractatus
559 2286 603 2336 ex
635 2266 704 2337 Jul.
738 2264 854 2337 Valer.
887 2266 937 2355 H,
976 2263 1073 2358 3(?)
1102 2271 1137 2336 11
1170 2286 1189 2337 1
1224 2267 1327 2357 gloss.

103 2400 170 2471 Sed
203 2401 284 2472 uide
318 2423 361 2472 an
393 2402 497 2474 latius
536 2403 622 2474 haec
653 2403 915 2493 participiorum
949 2402 1089 2474 licentia
1122 2382 1330 2493 corripiendi

104 2538 184 2610 olim
211 2540 428 2628 pertinuerit.
483 2539 572 2611 Nam
598 2541 770 2613 adiectiua
795 2560 815 2610 a
841 2541 958 2611 uerbis
984 2539 1149 2611 inclinata
1172 2540 1208 2610 in
1241 2560 1328 2610 -us

103 2694 179 2744 cum
214 2676 360 2746 actiuam
393 2674 466 2747 iere
499 2681 706 2768 potestatem
738 2675 869 2748 referre
904 2676 1051 2767 soleant,
1089 2681 1128 2747 ut
1163 2678 1326 2768 nesci-us,

102 2811 269 2904 indig-us,
296 2811 443 2905 inuidus,
472 2813 646 2905 prouidus,
675 2814 794 2904 lanius,
823 2833 956 2904 parcus,
985 2833 1141 2902 promuS,
1170 2811 1325 2904 festinus,

103 2948 238 3039 suadus,
269 2949 416 3042 indagus
442 2951 529 3041 rell,
557 2950 793 3040 —quaedam
820 2955 935 3021 tamen
961 2954 1094 3020 restant
1121 2950 1329 3042 (deriuatiua

104 3084 189 3175 dico,
219 3106 285 3156 non
313 3087 559 3176 compositione
586 3087 701 3176 aliqua
727 3085 903 3177 conflata),
934 3107 1021 3176 quae
1047 3089 1185 3176 passiua
1210 3089 1325 3178 potius

102 3220 222 3291 induta
247 3225 412 3311 appareat
439 3242 514 3293 esse
540 3224 722 3311 potestate,
752 3222 914 3311 pauciora
940 3222 999 3293 illa
1026 3222 1163 3314 quidem
1191 3228 1227 3294 et
1244 3244 1326 3316 poe·

103 3357 173 3427 tica
198 3357 361 3448 pleraque
395 3361 457 3428 aut
488 3358 667 3429 seriorum.
721 3356 817 3430 Haec
843 3359 952 3449 igitur
982 3380 1045 3449 per
1078 3361 1328 3450 correptionem

104 3514 123 3564 e
149 3496 341 3585 participiis
367 3494 453 3586 perf.
475 3495 594 3567 eodem
619 3494 730 3588 modo,
760 3516 826 3587 quo
845 3496 904 3566 illa
921 3516 1008 3586 quae
1025 3496 1195 3587 hodieque
1213 3498 1328 3568 uirere

102 3649 143 3701 ac
174 3631 294 3721 uigere
327 3634 533 3725 monuimus,
567 3633 728 3723 primitus
759 3633 953 3703 constitisse
986 3636 1136 3704 autumo.
1196 3632 1325 3705 Huius-

103 3765 194 3839 modi
222 3773 302 3838 sunt
328 3769 485 3859 despicus
510 3768 633 3860 Naeu,
662 3769 828 3842 oblitems
854 3768 959 3841 Lacu.
977 3766 1080 3862 (Gell.
1102 3768 1195 3862 XIX,
1222 3771 1257 3862 7,
1278 3770 1326 3861 4),

102 3943 154 3953 -
180 3923 372 3995 congrcgus
397 3904 499 3997 Isid,
541 3907 688 3998 coniuga
715 3907 804 3998 App.
847 3907 968 3996 inscu,
1011 3905 1194 3997 disgregus
1220 3905 1325 3977 Mart.

104 4039 154 4133 O,
182 4041 306 4113 efferus
331 4040 438 4134 Verg.
467 4043 541 4135 all,
576 4045 779 4135 inconiugus
812 4041 919 4113 Prisc.
949 4038 1106 4136 (uerba),
1141 4041 1326 4115 infermen-

102 4181 175 4248 tum
202 4180 248 4269 gl.
277 4179 410 4251 Philon.
439 4200 502 4269 pro
528 4180 823 4272 infermentatum,
858 4179 1018 4268 inopinus
1050 4183 1157 4267 poett.
1194 4178 1323 4274 (Treb,

102 4337 135 4386 u.
166 4315 227 4408 III,
258 4314 304 4407 3),
334 4316 501 4407 reprobus
526 4317 620 4411 Dig,
655 4359 695 4369 -
727 4337 748 4388 a
773 4316 895 4407 depon.
930 4314 1090 4405 indignus
1120 4336 1184 4406 pro
1210 4315 1324 4405 indig-
