2872 4852
568 291 851 382 -411-

101 512 195 563 dicitnr
211 511 283 562 miles
301 511 443 578 adscriptus
460 528 485 564 u.
504 509 688 576 adscripticins,
706 524 781 577 quem
798 507 874 562 Treh.
892 508 956 560 dixit
972 514 1144 561 necantem.
1170 508 1236 560 Sunt
1252 522 1326 573 prae·

102 607 171 648 terea
184 597 259 647 etiam
272 597 302 646 ab
316 597 371 664 ipso
383 596 455 647 uerbi
474 604 557 664 etymo
576 594 694 646 deriuata
711 603 738 646 et
755 594 780 644 in
799 594 895 656 -iuus,
914 602 943 644 61
955 593 1052 645 saciuus
1064 589 1140 654 Fest,
1160 593 1327 658 intergeriuns

102 682 176 744 Plin,
199 682 406 747 concupiscitiuus
424 689 451 731 et
467 680 611 732 irascitiuus
629 680 708 743 Hier,
731 690 757 730 et
774 680 849 746 plura
867 696 927 730 sane
944 680 969 729 in
989 696 1068 730 -nus
1087 677 1124 745 (ut
1141 696 1187 745 pro
1205 675 1327 744 exemplis

103 767 152 819 sint
174 784 205 818 ee
225 768 381 834 potissimum
405 783 469 832 quae
493 767 560 832 apud
582 775 682 817 nostros
705 775 850 816 occurrunt:
875 764 1064 830 conspicuus
1086 764 1114 817 Ο.
1133 764 1234 815 Maxim.
1255 764 1281 824 2,
1298 763 1327 825 2ς

101 853 126 914 3,
144 854 169 906 2.
188 853 204 903 6
223 862 249 904 et
267 853 423 919 saepissime,
446 853 605 918 pmspicnus,
628 852 786 918 perspicuus,
806 879 839 889 -
863 836 1052 918 praecipuus
1070 850 1098 901 0.
1117 850 1178 902 Ver.
1197 849 1222 910 8,
1240 848 1265 909 7,
1283 848 1327 915 Sp.

102 939 174 991 Pesc.
194 939 219 1000 6,
238 938 308 999 111..,
331 939 458 1004 exaipuus,
477 966 509 975 -
527 948 664 995 mutnus,
687 947 715 987 61
738 938 766 988 h.
785 937 826 988 Al.
843 937 885 999 41,
903 938 929 996 4,
948 964 980 973 -
1003 936 1157 1001 ingenuus
1176 936 1204 988 h.
1222 935 1264 987 sl.
1284 934 1327 994 23,

102 1026 164 1090 3..)
180 1053 210 1063 -
230 1026 274 1076 sed
292 1026 368 1076 etium
387 1024 509 1076 utrouis
528 1024 647 1074 inclinata
664 1023 794 1088 quaedam,
813 1031 841 1073 ut
859 1021 979 1073 necinus
997 1021 1080 1074 Pleut.
1093 1020 1151 1072 Ter.
1168 1030 1194 1071 et
1212 1036 1327 1071 uacuus

103 1110 135 1177 l..
149 1111 177 1162 G.
196 1110 264 1163 Part.
283 1112 307 1170 5,
326 1110 404 1178 7..)‚
424 1138 456 1147 -
475 1110 594 1160 nocinns
612 1109 720 1161 Phaedr.
740 1108 805 1160 Plin.
829 1116 856 1158 et
873 1123 982 1158 nocuus
1001 1105 1063 1165 Ou.‚
1081 1105 1213 1166 innocuus,
1232 1133 1265 1142 -
1283 1121 1327 1156 oa-

103 1196 207 1255 diuus,
231 1196 373 1257 recidinus
390 1205 417 1246 et
435 1195 573 1246 reciduus
592 1194 662 1244 Tert.
680 1193 766 1260 gloss,
788 1193 922 1250 deciduus,
941 1190 1068 1252 occiduus,
1086 1191 1228 1257 procidunt,
1247 1189 1328 1241 succi·

103 1281 175 1333 dnus.
200 1280 307 1331 Exstant
324 1280 432 1346 deniqne
451 1281 526 1332 etiam
545 1297 560 1330 a
577 1296 665 1330 uocum
684 1277 770 1328 formis
783 1296 831 1329 non
844 1278 943 1345 proprie
955 1284 1000 1328 aut
1011 1277 1110 1328 omnino
1122 1294 1171 1327 noa
1184 1275 1328 1327 nerbalibns

103 1366 222 1417 inclinata
240 1367 264 1416 in
284 1367 374 1416 -iuns
392 1365 444 1432 (nel
461 1364 560 1431 —uus),
578 1372 606 1414 ut
624 1364 781 1426 aestiuus,
800 1362 1021 1430 tempestiuus,
1040 1361 1201 1420 sementinas,
1220 1358 1328 1412 arbusti·

103 1471 158 1512 uus,
180 1453 334 1512 festinus,
357 1451 497 1502 lasciuus
517 1449 668 1517 (11666),-
685 1466 804 1500 annuus
823 1450 857 1514 (..
871 1449 898 1500 1..
916 1447 974 1501 Hel.
994 1447 1036 1508 26,
1054 1448 1129 1511 8..),
1153 1457 1329 1498 menstruus

103 1537 193 1603 (..’1ι·.
213 1555 267 1598 xxx,
286 1537 327 1597 30,
348 1536 402 1603 12),
425 1544 554 1602 patruus
573 1534 611 1599 (nt
628 1544 654 1585 et
671 1535 700 1587 1..
720 1535 814 1588 Comm.
835 1536 857 1595 l,
877 1535 916 1601 2),
942 1546 1092 1586 strennus
1110 1535 1150 1599 (nt
1167 1542 1193 1584 et
1211 1532 1252 1583 Tr.
1270 1549 1328 1591 xxx,

103 1624 127 1684 8,
145 1623 170 1682 3,
188 1652 221 1660 -
245 1631 331 1673 strena
353 1622 433 1673 sabin.
457 1640 481 1687 q.
501 1622 595 1671 sanitas
613 1619 720 1686 Symm,
742 1619 893 1672 Doederlein
912 1622 966 1674 Lat.
986 1619 1122 1688 Syaonym.
1142 1620 1191 1679 VI,
1214 1636 1239 1685 p.
1257 1617 1328 1684 351),

102 1715 276 1775 perpetuus
295 1707 333 1771 (ut
351 1715 377 1757 et
394 1707 423 1756 L.
441 1706 499 1758 llel.
517 1706 541 1765 6,
554 1706 588 1772 6),
608 1705 800 1771 propinquus
819 1705 848 1772 (..
862 1707 890 1758 L.
909 1707 984 1758 Diud.
1003 1706 1028 1766 5,
1046 1706 1061 1755 5
1081 1714 1107 1755 et
1125 1703 1210 1771 saep),
1225 1732 1256 1740 -
1275 1703 1328 1770 pri·

103 1792 205 1842 mitiuus
223 1799 293 1848 uett,
312 1792 443 1858 spontinns
456 1790 532 1841 Solia.
546 1790 570 1850 2,
583 1791 625 1853 36,
644 1789 775 1840 comitiuus
797 1790 859 1856 Veg.
879 1810 898 1840 r.
916 1809 948 1843 m.
968 1790 1081 1855 dipnitas,
1099 1791 1127 1841 G.
1142 1789 1237 1842 theod.
1252 1787 1328 1842 aedes.

103 1877 137 1927 ut
154 1877 216 1926 haec
234 1877 335 1942 quidem
354 1876 385 1926 da
404 1877 496 1941 figura3
520 1876 586 1941 qnod
609 1885 691 1926 autem
717 1893 791 1941 porro
815 1877 847 1926 ad
866 1895 954 1928 sensns
973 1877 1063 1927 attinet
1081 1877 1177 1942 figurae
1195 1877 1220 1926 in
1239 1875 1329 1926 ·—iuua

103 1960 258 2020 uerbalis,
281 1960 414 2011 multorum
437 1961 549 2026 profecto
567 1961 592 2011 in
613 1961 714 2020 —inns,
737 1961 786 2012 imo
810 1961 888 2027 partis
911 1962 985 2029 longe
1004 1961 1221 2013 numerosissimae
1243 1961 1282 2011 nis
1300 1977 1330 2012 ao

104 2053 215 2112 potestas
228 2064 277 2096 non
291 2055 331 2096 est
343 2047 385 2108 ita,
404 2055 431 2096 61
443 2047 514 2098 initio
528 2047 641 2107 diximus,
660 2064 724 2114 pure
741 2064 770 2097 ac
788 2047 935 2114 simpliciter
946 2047 1117 2115 participialis,
1136 2049 1181 2099 sed
1194 2064 1225 2098 ea
1237 2055 1329 2107 tamen,

103 2149 177 2198 qnam
194 2132 298 2198 possis
316 2149 331 2182 e
349 2131 500 2198 participiali
517 2140 545 2183 ut
563 2132 691 2199 primitiua
708 2141 824 2200 repetere
842 2151 871 2185 ao
889 2134 1012 2186 deriuare.
1038 2133 1162 2184 Nimirum
1175 2149 1229 2199 per
1242 2133 1329 2199 ipsam,

104 2234 179 2283 quam
196 2216 307 2268 uerbalis
324 2215 450 2267 sententia
468 2215 555 2277 induit,
580 2217 682 2268 sormam
700 2218 897 2278 nominalem,
920 2226 1007 2286 utpote
1029 2227 1118 2270 natura
1140 2236 1185 2269 sua
1207 2234 1256 2269 non
1279 2226 1330 2268 tem

103 2309 174 2352 actus
193 2301 285 2368 singuli
304 2300 504 2366 significatiuam,
527 2319 600 2367 quam
618 2302 747 2368 qualitatis
764 2303 807 2354 uel
824 2303 906 2370 potius
924 2302 1079 2356 habitudinis
1097 2302 1225 2355 cuiusdam
1245 2301 1330 2369 (quem

103 2387 156 2457 ἕξιν
175 2387 266 2438 Graeci
284 2387 421 2453 appellant)
440 2405 477 2438 ox
501 2397 556 2438 actu
575 2397 755 2439 consentaneae
774 2397 818 2440 ant
835 2397 916 2441 aetum
935 2407 970 2440 ex
989 2407 1021 2440 se
1038 2389 1165 2449 editurae,
1185 2417 1215 2426 -
1235 2388 1330 2439 61116-

103 2490 167 2534 mae,
186 2473 295 2539 inquam,
315 2472 433 2523 effectum
451 2491 507 2523 esse
526 2483 654 2539 potestat
674 2476 761 2526 -inus
779 2475 851 2526 finita
869 2503 902 2514 -
920 2476 955 2526 ita
967 2486 993 2526 ut
1005 2475 1121 2526 uidemus
1132 2504 1163 2513 —
1182 2475 1331 2535 idoneum,

103 2575 243 2624 pronum,
265 2558 458 2609 destinatum
481 2559 517 2609 ad
536 2569 625 2619 actum,
644 2577 718 2626 quem
736 2559 890 2627 primitiuum
907 2560 1069 2622 demonstrat,
1088 2560 1271 2627 significarent:
1296 2560 1332 2610 sic

103 2643 255 2694 admissione
278 2661 338 2696 aues
360 2653 418 2694 sunt
441 2645 489 2695 iam
513 2663 561 2693 non
584 2663 647 2710 qnae
670 2645 795 2696 admissae
818 2654 875 2696 sunt
897 2645 940 2696 uel
961 2663 1024 2711 quae
1047 2644 1145 2695 admitti
1163 2646 1261 2704 solent,
1286 2643 1330 2696 sed

104 2730 240 2780 idoneae
263 2730 294 2779 ad
317 2730 497 2781 admittendum
520 2731 545 2780 id
570 2730 601 2780 de
624 2747 672 2795 quo
695 2730 836 2796 quaeritur,
855 2759 888 2768 —-
905 2749 978 2783 casus
1001 2731 1160 2784 accusatione
1179 2729 1280 2799 (Varro)
1304 2737 1331 2781 et

103 2815 227 2865 ablatiuus
240 2814 348 2880 (Quint.)
362 2815 545 2866 declinamenta
557 2814 682 2865 nominum
695 2816 785 2867 idonea
803 2815 835 2866 ad
853 2817 1043 2883 significandum
1061 2818 1087 2869 id
1105 2816 1171 2883 quod
1188 2822 1345 2874 accusetur„

103 2901 129 2950 irl
147 2900 214 2951 unde
232 2901 352 2960 aufertur,
371 2929 403 2938 -
422 2899 546 2967 emptinus
568 2900 640 2951 miles
658 2901 687 2964 (i.
706 2919 730 2967 q.
749 2901 917 2952 mercenarius
935 2901 1007 2956 Paul.
1025 2902 1068 2970 D.)
1086 2919 1136 2952 non
1154 2901 1176 2952 is
1194 2899 1268 2951 modo
1287 2900 1330 2969 qui

105 2991 144 3035 est
162 2993 268 3052 emptus,
287 2987 332 3036 sed
351 2985 372 3035 is
390 2986 433 3052 qni
452 3003 479 3035 se
498 2985 546 3035 erni
564 2985 667 3050 patitur,
686 2987 806 3053 emptioni
824 3004 851 3038 se
870 2986 944 3038 offert
960 2987 1002 3038 uel
1019 3005 1135 3055 pronus
1153 2994 1201 3046 est,
1215 3015 1245 3023 -
1260 2985 1331 3039 oleae

105 3069 246 3120 conditinae
265 3069 336 3136 (Cato
354 3088 374 3123 r.
395 3088 416 3123 r.
435 3071 459 3129 6,
480 3071 491 3120 1
513 3069 555 3137 al.)
575 3079 632 3120 sunt
650 3069 720 3121 oleae
738 3089 802 3137 quae
820 3071 928 3122 conditui
946 3072 1064 3139 leguntur
1081 3071 1143 3139 (cot.
1158 3071 1191 3131 11,
1203 3071 1255 3138 22),
1275 3071 1291 3122 d
1297 3088 1330 3123 e·

104 3155 243 3206 stinctae
262 3155 294 3205 ad
312 3156 476 3208 condituram.
512 3155 657 3221 Quanquam
676 3156 739 3208 nihil
757 3157 946 3221 affirmauerim;
965 3157 1151 3224 potestatium,
1170 3165 1198 3208 ut
1216 3157 1332 3224 primitus

104 3240 279 3292 inclinamenta
297 3257 321 3307 q.
341 3257 363 3294 e.
382 3241 473 3292 -iuus
492 3241 545 3305 (nel
563 3242 654 3305 —nus)
677 3242 762 3308 alique
783 3242 844 3294 insit
860 3243 899 3294 uis
918 3242 972 3294 siue
991 3242 1161 3310 pertinentius
1179 3242 1233 3295 siue
1251 3243 1330 3294 desti-

104 3326 198 3380 netiua.
239 3327 316 3392 Atqui
339 3327 420 3377 minus
443 3335 512 3378 certo
535 3326 718 3392 frequentatum
742 3337 782 3379 ast
803 3329 932 3381 ueteribus
955 3329 1003 3379 hoc
1025 3346 1107 3396 genus
1130 3327 1332 3396 significationis,

105 3427 161 3462 cnm
183 3411 350 3463 tumultuarit
371 3412 536 3463 formamenta
558 3411 632 3462 huius
654 3413 835 3476 significantiae
858 3414 1069 3465 Caesareanorum
1096 3422 1238 3481 temporum
1261 3414 1332 3480 inge·

105 3496 173 3548 nium
190 3497 278 3564 magis,
296 3507 326 3547 nt
343 3497 378 3548 ita
395 3496 493 3563 loquar,
512 3497 697 3549 abstractinum.
732 3498 813 3550 Multa
830 3498 973 3550 huiusmodi
991 3499 1040 3549 iam
1058 3498 1228 3560 Quintilianus
1244 3499 1331 3560 habet,

105 3582 172 3634 inter
184 3590 280 3634 cetera:
299 3581 523 3640 administratiuus,
542 3581 651 3642 datiuus,
670 3582 811 3643 effectiuus,
829 3584 980 3645 hortatiuus,
998 3584 1151 3645 laudatiuus,
1169 3585 1333 3652 spectatinns,

105 3696 140 3706 —
161 3666 277 3719 Ciceroni
299 3667 348 3718 iam
374 3674 534 3734 praetentata
556 3667 736 3733 assumptinus,
763 3669 955 3730 deliberatinns,
978 3668 1203 3730 demonstratiuus,
1222 3697 1254 3706 —
1277 3687 1332 3721 sca·

105 3753 252 3820 turiuntque
269 3753 385 3819 postinde
410 3770 440 3802 eo
458 3770 550 3819 genere
574 3753 632 3803 libri
655 3754 886 3820 grammaticorum,
909 3755 1050 3818 rhetorum,
1073 3754 1280 3822 philosophorum
1298 3783 1332 3792 —

106 3839 211 3889 maxime
230 3839 338 3888 omniurn
357 3837 457 3888 Boethii
472 3865 512 3898 -,
530 3837 739 3904 iurisperitorum,
757 3839 918 3899 medicorum,
937 3868 971 3878 —
989 3848 1123 3907 superante
1140 3856 1227 3891 omnes
1246 3838 1332 3891 (laelio

107 3923 252 3984 Aureliano,
274 3923 363 3990 opifice
382 3923 557 3973 uocabulorum
576 3924 758 3976 sollertissimo.
793 3924 887 3975 Eorum
905 3942 969 3990 quae
987 3925 1068 3977 nostri
1086 3924 1180 3975 habent
1199 3923 1222 3974 in
1241 3924 1332 3975 -iuus

106 4009 220 4060 nerbaiia
237 4007 392 4075 fugitiuus
411 4018 437 4058 ct
455 4007 578 4058 notiuns
600 4009 666 4060 hanc
687 4008 713 4059 in
736 4018 831 4075 partem
853 4010 972 4060 uidentur
993 4027 1067 4077 posse
1089 4009 1224 4072 uindicari3
1248 3996 1334 4060 caedra

106 4093 279 4160 participalom
297 4100 426 4143 retentant
442 4092 641 4158 significantiam,
659 4094 708 4144 nisi
727 4094 792 4159 quod
809 4094 1037 4162 praerogatiua
1055 4112 1100 4161 pro
1117 4092 1273 4145 substantiae
1286 4100 1334 4156 est,

33 4201 35 4211 ι
107 4179 232 4230 sententia
250 4177 324 4229 etiam
342 4195 388 4245 por
406 4177 632 4230 denominationem
649 4178 788 4229 immutata.
