<?xml version="1.0" encoding="UTF-8"?>
<!DOCTYPE html PUBLIC "-//W3C//DTD XHTML 1.0 Transitional//EN"
    "http://www.w3.org/TR/xhtml1/DTD/xhtml1-transitional.dtd">
<html xmlns="http://www.w3.org/1999/xhtml" xml:lang="en" lang="en">
 <head>
  <title>
</title>
<meta http-equiv="Content-Type" content="text/html;charset=utf-8" />
  <meta name='ocr-system' content='tesseract 3.04.00' />
  <meta name='ocr-capabilities' content='ocr_page ocr_carea ocr_par ocr_line ocrx_word'/>
</head>
<body>
  <div class='ocr_page' id='page_1' title='image "./delatinitatescr00paucgoog_0168.png"; bbox 0 0 2872 4852; ppageno 0'>
   <div class='ocr_carea' id='block_1_1' title="bbox 575 244 856 329">
    <p class='ocr_par' dir='ltr' id='par_1_1' title="bbox 575 244 856 329">
     <span class='ocr_line' id='line_1_1' title="bbox 575 244 856 329; baseline 0 0"><span class='ocrx_word' id='word_1_1' title='bbox 575 244 755 329; x_wconf 66' lang='lat' dir='ltr'><strong>..ae</strong></span> <span class='ocrx_word' id='word_1_2' title='bbox 807 297 856 308; x_wconf 83' lang='grc'>-</span> 
     </span>
    </p>
   </div>
   <div class='ocr_carea' id='block_1_2' title="bbox 104 455 1331 1037">
    <p class='ocr_par' dir='ltr' id='par_1_2' title="bbox 104 455 1331 1037">
     <span class='ocr_line' id='line_1_2' title="bbox 104 455 1330 524; baseline 0 -16"><span class='ocrx_word' id='word_1_3' title='bbox 104 457 134 508; x_wconf 88' lang='lat' dir='ltr'><strong>lis</strong></span> <span class='ocrx_word' id='word_1_4' title='bbox 152 457 223 509; x_wconf 84' lang='lat' dir='ltr'><strong>Cass.</strong></span> <span class='ocrx_word' id='word_1_5' title='bbox 241 474 321 518; x_wconf 85' lang='lat' dir='ltr'><strong>cunm,</strong></span> <span class='ocrx_word' id='word_1_6' title='bbox 346 456 443 524; x_wconf 86' lang='lat' dir='ltr'><strong>(nostri,</strong></span> <span class='ocrx_word' id='word_1_7' title='bbox 462 457 507 508; x_wconf 86' lang='lat' dir='ltr'><strong>sed</strong></span> <span class='ocrx_word' id='word_1_8' title='bbox 525 457 661 523; x_wconf 89' lang='lat' dir='ltr'><strong>antiquum,</strong></span> <span class='ocrx_word' id='word_1_9' title='bbox 683 456 829 521; x_wconf 79' lang='lat' dir='ltr'><strong>naturalis);</strong></span> <span class='ocrx_word' id='word_1_10' title='bbox 853 455 978 516; x_wconf 85' lang='lat' dir='ltr'><strong>actualis,</strong></span> <span class='ocrx_word' id='word_1_11' title='bbox 1002 456 1132 518; x_wconf 75' lang='lat' dir='ltr'><strong>cursualis,</strong></span> <span class='ocrx_word' id='word_1_12' title='bbox 1155 457 1330 510; x_wconf 87' lang='lat' dir='ltr'><strong>intellectualis</strong></span> 
     </span>
     <span class='ocr_line' id='line_1_3' title="bbox 104 541 1330 610; baseline 0.001 -17"><span class='ocrx_word' id='word_1_13' title='bbox 104 544 178 610; x_wconf 69' lang='lat' dir='ltr'><strong>App,</strong></span> <span class='ocrx_word' id='word_1_14' title='bbox 198 543 327 610; x_wconf 88' lang='lat' dir='ltr'><strong>partualis,</strong></span> <span class='ocrx_word' id='word_1_15' title='bbox 345 543 520 609; x_wconf 79' lang='lat' dir='ltr'><strong>procinctualis</strong></span> <span class='ocrx_word' id='word_1_16' title='bbox 533 543 612 603; x_wconf 73' lang='lat' dir='ltr'><strong>Caes,</strong></span> <span class='ocrx_word' id='word_1_17' title='bbox 631 542 763 602; x_wconf 89' lang='lat' dir='ltr'><strong>sensualis,</strong></span> <span class='ocrx_word' id='word_1_18' title='bbox 781 543 894 603; x_wconf 87' lang='lat' dir='ltr'><strong>nisualis,</strong></span> <span class='ocrx_word' id='word_1_19' title='bbox 912 541 1017 600; x_wconf 88' lang='lat' dir='ltr'><strong>usualis,</strong></span> <span class='ocrx_word' id='word_1_20' title='bbox 1036 543 1204 604; x_wconf 88' lang='lat' dir='ltr'><strong>censualis,</strong></span> <span class='ocrx_word' id='word_1_21' title='bbox 1217 571 1251 581; x_wconf 86' lang='lat'>-</span> <span class='ocrx_word' id='word_1_22' title='bbox 1263 559 1330 594; x_wconf 89' lang='lat' dir='ltr'><strong>com·</strong></span> 
     </span>
     <span class='ocr_line' id='line_1_4' title="bbox 104 627 1330 697; baseline 0.001 -17"><span class='ocrx_word' id='word_1_23' title='bbox 104 631 226 690; x_wconf 82' lang='lat' dir='ltr'><strong>mentalis,</strong></span> <span class='ocrx_word' id='word_1_24' title='bbox 245 629 374 697; x_wconf 88' lang='lat' dir='ltr'><strong>spiritalis,</strong></span> <span class='ocrx_word' id='word_1_25' title='bbox 397 629 549 693; x_wconf 62' lang='lat' dir='ltr'><strong>pustulis,</strong></span> <span class='ocrx_word' id='word_1_26' title='bbox 571 629 698 680; x_wconf 84' lang='lat' dir='ltr'><strong>uenalis</strong></span> <span class='ocrx_word' id='word_1_27' title='bbox 720 630 763 695; x_wconf 88' lang='lat' dir='ltr'><strong>(ed</strong></span> <span class='ocrx_word' id='word_1_28' title='bbox 782 647 874 680; x_wconf 84' lang='lat' dir='ltr'><strong>uenum</strong></span> <span class='ocrx_word' id='word_1_29' title='bbox 891 628 1041 695; x_wconf 74' lang='lat' dir='ltr'><strong>pertinens).</strong></span> <span class='ocrx_word' id='word_1_30' title='bbox 1077 627 1136 680; x_wconf 84' lang='lat' dir='ltr'><strong>Sed</strong></span> <span class='ocrx_word' id='word_1_31' title='bbox 1154 645 1330 695; x_wconf 86' lang='lat' dir='ltr'><strong>nonnunquam</strong></span> 
     </span>
     <span class='ocr_line' id='line_1_5' title="bbox 104 714 1330 783; baseline 0 -18"><span class='ocrx_word' id='word_1_32' title='bbox 104 715 223 767; x_wconf 84' lang='lat' dir='ltr'><strong>inclinata</strong></span> <span class='ocrx_word' id='word_1_33' title='bbox 242 715 402 765; x_wconf 90' lang='lat' dir='ltr'><strong>inueniuntur</strong></span> <span class='ocrx_word' id='word_1_34' title='bbox 419 714 444 764; x_wconf 92' lang='lat' dir='ltr'><strong>in</strong></span> <span class='ocrx_word' id='word_1_35' title='bbox 463 714 544 764; x_wconf 89' lang='lat' dir='ltr'><strong>-alis</strong></span> <span class='ocrx_word' id='word_1_36' title='bbox 563 715 667 778; x_wconf 67' lang='lat' dir='ltr'><strong>l—aris)</strong></span> <span class='ocrx_word' id='word_1_37' title='bbox 691 715 767 765; x_wconf 85' lang='lat' dir='ltr'><strong>etiam</strong></span> <span class='ocrx_word' id='word_1_38' title='bbox 792 715 828 765; x_wconf 91' lang='lat' dir='ltr'><strong>ab</strong></span> <span class='ocrx_word' id='word_1_39' title='bbox 851 714 1038 775; x_wconf 86' lang='lat' dir='ltr'><strong>adiectiuis,</strong></span> <span class='ocrx_word' id='word_1_40' title='bbox 1061 715 1212 783; x_wconf 78' lang='lat' dir='ltr'><strong>regulariter</strong></span> <span class='ocrx_word' id='word_1_41' title='bbox 1229 715 1330 780; x_wconf 87' lang='lat' dir='ltr'><strong>quidem</strong></span> 
     </span>
     <span class='ocr_line' id='line_1_6' title="bbox 105 798 1330 866; baseline 0 -16"><span class='ocrx_word' id='word_1_42' title='bbox 105 817 133 850; x_wconf 88' lang='lat' dir='ltr'><strong>ac</strong></span> <span class='ocrx_word' id='word_1_43' title='bbox 149 800 297 866; x_wconf 90' lang='lat' dir='ltr'><strong>plerumque</strong></span> <span class='ocrx_word' id='word_1_44' title='bbox 315 801 346 849; x_wconf 87' lang='lat' dir='ltr'><strong>ab</strong></span> <span class='ocrx_word' id='word_1_45' title='bbox 365 798 496 849; x_wconf 86' lang='lat' dir='ltr'><strong>adiectiuis</strong></span> <span class='ocrx_word' id='word_1_46' title='bbox 514 799 606 864; x_wconf 88' lang='lat' dir='ltr'><strong>specie,</strong></span> <span class='ocrx_word' id='word_1_47' title='bbox 625 807 754 864; x_wconf 84' lang='lat' dir='ltr'><strong>potestate</strong></span> <span class='ocrx_word' id='word_1_48' title='bbox 769 807 854 850; x_wconf 89' lang='lat' dir='ltr'><strong>tamen</strong></span> <span class='ocrx_word' id='word_1_49' title='bbox 872 800 921 850; x_wconf 88' lang='lat' dir='ltr'><strong>iam</strong></span> <span class='ocrx_word' id='word_1_50' title='bbox 939 799 1103 851; x_wconf 88' lang='lat' dir='ltr'><strong>snbstantinis</strong></span> <span class='ocrx_word' id='word_1_51' title='bbox 1121 799 1159 866; x_wconf 89' lang='lat' dir='ltr'><strong>(ut</strong></span> <span class='ocrx_word' id='word_1_52' title='bbox 1170 817 1186 850; x_wconf 86' lang='lat' dir='ltr'><strong>a</strong></span> <span class='ocrx_word' id='word_1_53' title='bbox 1198 800 1251 851; x_wconf 88' lang='lat' dir='ltr'><strong>diui</strong></span> <span class='ocrx_word' id='word_1_54' title='bbox 1269 799 1294 850; x_wconf 89' lang='lat' dir='ltr'><strong>h.</strong></span> <span class='ocrx_word' id='word_1_55' title='bbox 1307 815 1330 850; x_wconf 91' lang='lat' dir='ltr'><strong>e.</strong></span> 
     </span>
     <span class='ocr_line' id='line_1_7' title="bbox 104 883 1330 951; baseline 0.002 -15"><span class='ocrx_word' id='word_1_56' title='bbox 104 886 145 936; x_wconf 86' lang='lat' dir='ltr'><strong>dei</strong></span> <span class='ocrx_word' id='word_1_57' title='bbox 169 885 300 944; x_wconf 90' lang='lat' dir='ltr'><strong>diualis,</strong></span> <span class='ocrx_word' id='word_1_58' title='bbox 326 890 355 933; x_wconf 91' lang='lat' dir='ltr'><strong>ut</strong></span> <span class='ocrx_word' id='word_1_59' title='bbox 376 884 474 950; x_wconf 83' lang='lat' dir='ltr'><strong>plurale</strong></span> <span class='ocrx_word' id='word_1_60' title='bbox 498 895 537 934; x_wconf 87' lang='lat' dir='ltr'><strong>est</strong></span> <span class='ocrx_word' id='word_1_61' title='bbox 558 883 624 949; x_wconf 88' lang='lat' dir='ltr'><strong>quod</strong></span> <span class='ocrx_word' id='word_1_62' title='bbox 647 885 733 951; x_wconf 89' lang='lat' dir='ltr'><strong>plnres</strong></span> <span class='ocrx_word' id='word_1_63' title='bbox 755 901 776 939; x_wconf 89' lang='lat' dir='ltr'><strong>s.</strong></span> <span class='ocrx_word' id='word_1_64' title='bbox 798 901 918 951; x_wconf 80' lang='lat' dir='ltr'><strong>personas</strong></span> <span class='ocrx_word' id='word_1_65' title='bbox 942 903 962 937; x_wconf 82' lang='lat' dir='ltr'><strong>s.</strong></span> <span class='ocrx_word' id='word_1_66' title='bbox 988 902 1029 937; x_wconf 88' lang='lat' dir='ltr'><strong>res</strong></span> <span class='ocrx_word' id='word_1_67' title='bbox 1056 885 1238 951; x_wconf 79' lang='lat' dir='ltr'><strong>significatione</strong></span> <span class='ocrx_word' id='word_1_68' title='bbox 1264 901 1330 938; x_wconf 85' lang='lat' dir='ltr'><strong>ccm-</strong></span> 
     </span>
     <span class='ocr_line' id='line_1_8' title="bbox 105 968 1331 1037; baseline -0.002 -15"><span class='ocrx_word' id='word_1_69' title='bbox 105 971 229 1036; x_wconf 78' lang='lat' dir='ltr'><strong>plectitur,</strong></span> <span class='ocrx_word' id='word_1_70' title='bbox 251 969 284 1019; x_wconf 87' lang='lat' dir='ltr'><strong>nd</strong></span> <span class='ocrx_word' id='word_1_71' title='bbox 301 970 395 1036; x_wconf 80' lang='lat' dir='ltr'><strong>plures</strong></span> <span class='ocrx_word' id='word_1_72' title='bbox 418 970 536 1035; x_wconf 87' lang='lat' dir='ltr'><strong>pertinet,</strong></span> <span class='ocrx_word' id='word_1_73' title='bbox 560 987 608 1019; x_wconf 90' lang='lat' dir='ltr'><strong>non</strong></span> <span class='ocrx_word' id='word_1_74' title='bbox 625 970 656 1019; x_wconf 92' lang='lat' dir='ltr'><strong>ad</strong></span> <span class='ocrx_word' id='word_1_75' title='bbox 675 970 803 1020; x_wconf 89' lang='lat' dir='ltr'><strong>notionem</strong></span> <span class='ocrx_word' id='word_1_76' title='bbox 820 973 871 1031; x_wconf 66' lang='grc' dir='ltr'><strong>τοῦ</strong></span> <span class='ocrx_word' id='word_1_77' title='bbox 889 968 963 1036; x_wconf 88' lang='lat' dir='ltr'><strong>plus),</strong></span> <span class='ocrx_word' id='word_1_78' title='bbox 976 998 1010 1008; x_wconf 87' lang='lat'><em>-</em></span> <span class='ocrx_word' id='word_1_79' title='bbox 1026 971 1149 1037; x_wconf 88' lang='lat' dir='ltr'><strong>quaedem</strong></span> <span class='ocrx_word' id='word_1_80' title='bbox 1165 978 1249 1020; x_wconf 89' lang='lat' dir='ltr'><strong>tamen</strong></span> <span class='ocrx_word' id='word_1_81' title='bbox 1268 969 1331 1020; x_wconf 88' lang='lat' dir='ltr'><strong>etin</strong></span> 
     </span>
    </p>
   </div>
   <div class='ocr_carea' id='block_1_3' title="bbox 101 1069 1334 2759">
    <p class='ocr_par' dir='ltr' id='par_1_3' title="bbox 101 1069 1334 2759">
     <span class='ocr_line' id='line_1_9' title="bbox 105 1069 1332 1138; baseline 0.002 -16"><span class='ocrx_word' id='word_1_82' title='bbox 105 1072 144 1122; x_wconf 89' lang='lat' dir='ltr'><strong>his</strong></span> <span class='ocrx_word' id='word_1_83' title='bbox 162 1071 298 1136; x_wconf 89' lang='lat' dir='ltr'><strong>antiquitus</strong></span> <span class='ocrx_word' id='word_1_84' title='bbox 315 1071 415 1133; x_wconf 87' lang='lat' dir='ltr'><strong>usitata,</strong></span> <span class='ocrx_word' id='word_1_85' title='bbox 433 1079 461 1120; x_wconf 91' lang='lat' dir='ltr'><strong>nt</strong></span> <span class='ocrx_word' id='word_1_86' title='bbox 479 1069 629 1136; x_wconf 84' lang='lat' dir='ltr'><strong>aequalis,</strong></span> <span class='ocrx_word' id='word_1_87' title='bbox 647 1088 736 1138; x_wconf 85' lang='lat' dir='ltr'><strong>reapse</strong></span> <span class='ocrx_word' id='word_1_88' title='bbox 753 1081 782 1123; x_wconf 90' lang='lat' dir='ltr'><strong>ut</strong></span> <span class='ocrx_word' id='word_1_89' title='bbox 799 1071 917 1122; x_wconf 88' lang='lat' dir='ltr'><strong>uidentur</strong></span> <span class='ocrx_word' id='word_1_90' title='bbox 934 1073 965 1122; x_wconf 86' lang='lat' dir='ltr'><strong>eb</strong></span> <span class='ocrx_word' id='word_1_91' title='bbox 979 1072 1141 1125; x_wconf 85' lang='lat' dir='ltr'><strong>attributinis.</strong></span> <span class='ocrx_word' id='word_1_92' title='bbox 1166 1073 1332 1124; x_wconf 81' lang='lat' dir='ltr'><strong>Crebrescunt</strong></span> 
     </span>
     <span class='ocr_line' id='line_1_10' title="bbox 106 1156 1331 1225; baseline 0.001 -17"><span class='ocrx_word' id='word_1_93' title='bbox 106 1174 167 1208; x_wconf 84' lang='lat' dir='ltr'><strong>sene</strong></span> <span class='ocrx_word' id='word_1_94' title='bbox 185 1157 302 1207; x_wconf 90' lang='lat' dir='ltr'><strong>deriuata</strong></span> <span class='ocrx_word' id='word_1_95' title='bbox 319 1175 334 1206; x_wconf 86' lang='lat' dir='ltr'><strong>a</strong></span> <span class='ocrx_word' id='word_1_96' title='bbox 352 1156 437 1206; x_wconf 87' lang='lat' dir='ltr'><strong>formis</strong></span> <span class='ocrx_word' id='word_1_97' title='bbox 455 1156 587 1206; x_wconf 89' lang='lat' dir='ltr'><strong>adiectiuis</strong></span> <span class='ocrx_word' id='word_1_98' title='bbox 605 1156 673 1221; x_wconf 87' lang='lat' dir='ltr'><strong>apud</strong></span> <span class='ocrx_word' id='word_1_99' title='bbox 686 1157 837 1208; x_wconf 80' lang='lat' dir='ltr'><strong>recentiores</strong></span> <span class='ocrx_word' id='word_1_100' title='bbox 849 1157 958 1218; x_wconf 85' lang='lat' dir='ltr'><strong>demum,</strong></span> <span class='ocrx_word' id='word_1_101' title='bbox 977 1165 1005 1208; x_wconf 91' lang='lat' dir='ltr'><strong>nt</strong></span> <span class='ocrx_word' id='word_1_102' title='bbox 1016 1159 1144 1209; x_wconf 88' lang='lat' dir='ltr'><strong>aestinalis</strong></span> <span class='ocrx_word' id='word_1_103' title='bbox 1157 1158 1232 1225; x_wconf 77' lang='lat' dir='ltr'><strong>Hyg,</strong></span> <span class='ocrx_word' id='word_1_104' title='bbox 1248 1158 1331 1219; x_wconf 69' lang='lat' dir='ltr'><strong>inser,</strong></span> 
     </span>
     <span class='ocr_line' id='line_1_11' title="bbox 106 1240 1331 1307; baseline 0.002 -15"><span class='ocrx_word' id='word_1_105' title='bbox 106 1241 242 1292; x_wconf 76' lang='lat' dir='ltr'><strong>hibernalis</strong></span> <span class='ocrx_word' id='word_1_106' title='bbox 260 1240 336 1307; x_wconf 75' lang='lat' dir='ltr'><strong>Vulg.</strong></span> <span class='ocrx_word' id='word_1_107' title='bbox 354 1241 497 1304; x_wconf 81' lang='lat' dir='ltr'><strong>(hibernum</strong></span> <span class='ocrx_word' id='word_1_108' title='bbox 515 1262 549 1287; x_wconf 96' lang='lat'><strong><em>=</em></strong></span> <span class='ocrx_word' id='word_1_109' title='bbox 567 1242 647 1292; x_wconf 81' lang='lat' dir='ltr'><strong>hierus</strong></span> <span class='ocrx_word' id='word_1_110' title='bbox 665 1242 727 1295; x_wconf 87' lang='lat' dir='ltr'><strong>Min.</strong></span> <span class='ocrx_word' id='word_1_111' title='bbox 747 1243 800 1294; x_wconf 75' lang='lat' dir='ltr'><strong>tel.</strong></span> <span class='ocrx_word' id='word_1_112' title='bbox 818 1243 860 1305; x_wconf 80' lang='lat'><strong>34,</strong></span> <span class='ocrx_word' id='word_1_113' title='bbox 880 1243 920 1303; x_wconf 91' lang='lat' dir='ltr'><strong>ll,</strong></span> <span class='ocrx_word' id='word_1_114' title='bbox 939 1244 966 1293; x_wconf 85' lang='lat' dir='ltr'><strong>G.</strong></span> <span class='ocrx_word' id='word_1_115' title='bbox 979 1240 1041 1296; x_wconf 82' lang='lat' dir='ltr'><strong>Aur.</strong></span> <span class='ocrx_word' id='word_1_116' title='bbox 1057 1244 1102 1306; x_wconf 84' lang='lat' dir='ltr'><strong>vl,</strong></span> <span class='ocrx_word' id='word_1_117' title='bbox 1123 1247 1144 1303; x_wconf 92' lang='lat' dir='ltr'><strong>l,</strong></span> <span class='ocrx_word' id='word_1_118' title='bbox 1157 1245 1181 1304; x_wconf 83' lang='lat'><strong>2,</strong></span> <span class='ocrx_word' id='word_1_119' title='bbox 1199 1245 1265 1295; x_wconf 89' lang='lat' dir='ltr'><strong>unde</strong></span> <span class='ocrx_word' id='word_1_120' title='bbox 1283 1244 1331 1294; x_wconf 87' lang='lat' dir='ltr'><strong>in·</strong></span> 
     </span>
     <span class='ocr_line' id='line_1_12' title="bbox 106 1326 1331 1397; baseline 0.002 -19"><span class='ocrx_word' id='word_1_121' title='bbox 106 1343 215 1382; x_wconf 86' lang='lat' dir='ltr'><strong>uerno,</strong></span> <span class='ocrx_word' id='word_1_122' title='bbox 234 1326 343 1392; x_wconf 90' lang='lat' dir='ltr'><strong>biner),</strong></span> <span class='ocrx_word' id='word_1_123' title='bbox 362 1326 483 1378; x_wconf 88' lang='lat' dir='ltr'><strong>diurnalis</strong></span> <span class='ocrx_word' id='word_1_124' title='bbox 502 1327 535 1394; x_wconf 80' lang='lat' dir='ltr'><strong>gl.</strong></span> <span class='ocrx_word' id='word_1_125' title='bbox 555 1328 681 1393; x_wconf 82' lang='lat' dir='ltr'><strong>(diurnum</strong></span> <span class='ocrx_word' id='word_1_126' title='bbox 699 1349 733 1374; x_wconf 91' lang='lat'>=</span> <span class='ocrx_word' id='word_1_127' title='bbox 751 1329 805 1379; x_wconf 89' lang='lat' dir='ltr'><strong>dies</strong></span> <span class='ocrx_word' id='word_1_128' title='bbox 823 1329 849 1379; x_wconf 83' lang='lat'><strong>0.</strong></span> <span class='ocrx_word' id='word_1_129' title='bbox 870 1331 931 1381; x_wconf 80' lang='lat' dir='ltr'><strong>Aur.</strong></span> <span class='ocrx_word' id='word_1_130' title='bbox 950 1329 982 1389; x_wconf 89' lang='lat' dir='ltr'><strong>ll,</strong></span> <span class='ocrx_word' id='word_1_131' title='bbox 1001 1330 1042 1390; x_wconf 82' lang='lat'><strong>39,</strong></span> <span class='ocrx_word' id='word_1_132' title='bbox 1061 1330 1120 1390; x_wconf 82' lang='lat'><strong>228,</strong></span> <span class='ocrx_word' id='word_1_133' title='bbox 1139 1331 1204 1382; x_wconf 87' lang='lat' dir='ltr'><strong>unde</strong></span> <span class='ocrx_word' id='word_1_134' title='bbox 1222 1331 1331 1397; x_wconf 80' lang='lat' dir='ltr'><strong>giorno</strong></span> 
     </span>
     <span class='ocr_line' id='line_1_13' title="bbox 101 1411 1331 1481; baseline 0.002 -18"><span class='ocrx_word' id='word_1_135' title='bbox 101 1414 173 1475; x_wconf 83' lang='lat' dir='ltr'><strong>etc),</strong></span> <span class='ocrx_word' id='word_1_136' title='bbox 192 1411 345 1462; x_wconf 84' lang='lat' dir='ltr'><strong>nocturnalis</strong></span> <span class='ocrx_word' id='word_1_137' title='bbox 364 1411 459 1472; x_wconf 69' lang='lat' dir='ltr'><strong>Sidon,</strong></span> <span class='ocrx_word' id='word_1_138' title='bbox 478 1412 611 1463; x_wconf 86' lang='lat' dir='ltr'><strong>aeternalis</strong></span> <span class='ocrx_word' id='word_1_139' title='bbox 630 1413 697 1466; x_wconf 81' lang='lat' dir='ltr'><strong>&#39;lert</strong></span> <span class='ocrx_word' id='word_1_140' title='bbox 711 1414 799 1465; x_wconf 89' lang='lat' dir='ltr'><strong>inserr.</strong></span> <span class='ocrx_word' id='word_1_141' title='bbox 819 1413 979 1481; x_wconf 75' lang='lat' dir='ltr'><strong>(eternel),</strong></span> <span class='ocrx_word' id='word_1_142' title='bbox 998 1416 1151 1481; x_wconf 84' lang='lat' dir='ltr'><strong>perpetualis</strong></span> <span class='ocrx_word' id='word_1_143' title='bbox 1164 1415 1258 1478; x_wconf 80' lang='lat' dir='ltr'><strong>Quint,</strong></span> <span class='ocrx_word' id='word_1_144' title='bbox 1276 1416 1331 1466; x_wconf 89' lang='lat' dir='ltr'><strong>uni·</strong></span> 
     </span>
     <span class='ocr_line' id='line_1_14' title="bbox 106 1495 1332 1564; baseline 0.002 -16"><span class='ocrx_word' id='word_1_145' title='bbox 106 1497 212 1548; x_wconf 83' lang='lat' dir='ltr'><strong>cerealis</strong></span> <span class='ocrx_word' id='word_1_146' title='bbox 236 1496 322 1556; x_wconf 79' lang='lat' dir='ltr'><strong>Quint.</strong></span> <span class='ocrx_word' id='word_1_147' title='bbox 340 1495 406 1546; x_wconf 90' lang='lat' dir='ltr'><strong>Plin.</strong></span> <span class='ocrx_word' id='word_1_148' title='bbox 425 1513 478 1562; x_wconf 83' lang='lat' dir='ltr'><strong>ep,</strong></span> <span class='ocrx_word' id='word_1_149' title='bbox 501 1497 616 1548; x_wconf 85' lang='lat' dir='ltr'><strong>medialis</strong></span> <span class='ocrx_word' id='word_1_150' title='bbox 639 1496 729 1558; x_wconf 70' lang='lat' dir='ltr'><strong>Solia„</strong></span> <span class='ocrx_word' id='word_1_151' title='bbox 753 1498 865 1564; x_wconf 85' lang='lat' dir='ltr'><strong>duplaris</strong></span> <span class='ocrx_word' id='word_1_152' title='bbox 883 1499 945 1564; x_wconf 80' lang='lat' dir='ltr'><strong>Veg.</strong></span> <span class='ocrx_word' id='word_1_153' title='bbox 971 1518 1003 1554; x_wconf 91' lang='lat' dir='ltr'><strong>m.</strong></span> <span class='ocrx_word' id='word_1_154' title='bbox 1027 1501 1121 1561; x_wconf 72' lang='lat' dir='ltr'><strong>ileon,</strong></span> <span class='ocrx_word' id='word_1_155' title='bbox 1144 1502 1255 1553; x_wconf 85' lang='lat' dir='ltr'><strong>amicalis</strong></span> <span class='ocrx_word' id='word_1_156' title='bbox 1278 1498 1332 1553; x_wconf 80' lang='lat' dir='ltr'><strong>lcu</strong></span> 
     </span>
     <span class='ocr_line' id='line_1_15' title="bbox 107 1580 1333 1653; baseline 0.003 -22"><span class='ocrx_word' id='word_1_157' title='bbox 107 1581 223 1647; x_wconf 85' lang='lat' dir='ltr'><strong>(effectio,</strong></span> <span class='ocrx_word' id='word_1_158' title='bbox 242 1580 397 1644; x_wconf 74' lang='lat' dir='ltr'><strong>transactio),</strong></span> <span class='ocrx_word' id='word_1_159' title='bbox 417 1581 546 1633; x_wconf 76' lang='lat' dir='ltr'><strong>inimiculis</strong></span> <span class='ocrx_word' id='word_1_160' title='bbox 559 1582 622 1641; x_wconf 76' lang='lat' dir='ltr'><strong>sid,</strong></span> <span class='ocrx_word' id='word_1_161' title='bbox 640 1599 726 1648; x_wconf 91' lang='lat' dir='ltr'><strong>porro:</strong></span> <span class='ocrx_word' id='word_1_162' title='bbox 747 1584 850 1635; x_wconf 81' lang='lat' dir='ltr'><strong>acutsdis</strong></span> <span class='ocrx_word' id='word_1_163' title='bbox 863 1583 957 1644; x_wconf 69' lang='lat' dir='ltr'><strong>(irem,</strong></span> <span class='ocrx_word' id='word_1_164' title='bbox 976 1587 1071 1638; x_wconf 87' lang='lat' dir='ltr'><strong>albaris</strong></span> <span class='ocrx_word' id='word_1_165' title='bbox 1088 1588 1163 1639; x_wconf 85' lang='lat' dir='ltr'><strong>inser.</strong></span> <span class='ocrx_word' id='word_1_166' title='bbox 1183 1605 1241 1652; x_wconf 83' lang='lat' dir='ltr'><strong>opus</strong></span> <span class='ocrx_word' id='word_1_167' title='bbox 1257 1586 1333 1653; x_wconf 83' lang='lat' dir='ltr'><strong>(Plin.</strong></span> 
     </span>
     <span class='ocr_line' id='line_1_16' title="bbox 106 1665 1332 1740; baseline 0.006 -24"><span class='ocrx_word' id='word_1_168' title='bbox 106 1665 433 1732; x_wconf 86' lang='lat' dir='ltr'><strong>albarium),&#39;communalis</strong></span> <span class='ocrx_word' id='word_1_169' title='bbox 452 1667 561 1726; x_wconf 74' lang='lat' dir='ltr'><strong>(irem,</strong></span> <span class='ocrx_word' id='word_1_170' title='bbox 576 1666 696 1718; x_wconf 84' lang='lat' dir='ltr'><strong>dextralis</strong></span> <span class='ocrx_word' id='word_1_171' title='bbox 715 1669 784 1728; x_wconf 81' lang='lat' dir='ltr'><strong>leid,</strong></span> <span class='ocrx_word' id='word_1_172' title='bbox 806 1669 841 1734; x_wconf 80' lang='lat' dir='ltr'><strong>gt.</strong></span> <span class='ocrx_word' id='word_1_173' title='bbox 861 1670 919 1722; x_wconf 81' lang='lat' dir='ltr'><strong>Vnt.</strong></span> <span class='ocrx_word' id='word_1_174' title='bbox 938 1670 1061 1737; x_wconf 81' lang='lat' dir='ltr'><strong>(dextrale</strong></span> <span class='ocrx_word' id='word_1_175' title='bbox 1080 1673 1177 1740; x_wconf 71' lang='lat' dir='ltr'><strong>Cypr.)</strong></span> <span class='ocrx_word' id='word_1_176' title='bbox 1202 1671 1332 1724; x_wconf 82' lang='lat' dir='ltr'><strong>ethnicalls</strong></span> 
     </span>
     <span class='ocr_line' id='line_1_17' title="bbox 108 1751 1331 1825; baseline 0.006 -23"><span class='ocrx_word' id='word_1_177' title='bbox 108 1751 177 1811; x_wconf 72' lang='lat' dir='ltr'><strong>eccl,</strong></span> <span class='ocrx_word' id='word_1_178' title='bbox 201 1752 323 1818; x_wconf 82' lang='lat' dir='ltr'><strong>graecalis</strong></span> <span class='ocrx_word' id='word_1_179' title='bbox 342 1751 435 1813; x_wconf 76' lang='lat' dir='ltr'><strong>Grem,</strong></span> <span class='ocrx_word' id='word_1_180' title='bbox 458 1752 585 1802; x_wconf 85' lang='lat' dir='ltr'><strong>infernalis</strong></span> <span class='ocrx_word' id='word_1_181' title='bbox 603 1753 679 1804; x_wconf 82' lang='lat' dir='ltr'><strong>Prnd.</strong></span> <span class='ocrx_word' id='word_1_182' title='bbox 699 1753 800 1813; x_wconf 74' lang='lat' dir='ltr'><strong>Aleim,</strong></span> <span class='ocrx_word' id='word_1_183' title='bbox 823 1756 950 1808; x_wconf 88' lang='lat' dir='ltr'><strong>minutalia</strong></span> <span class='ocrx_word' id='word_1_184' title='bbox 968 1758 1036 1810; x_wconf 77' lang='lat' dir='ltr'><strong>&#39;lert</strong></span> <span class='ocrx_word' id='word_1_185' title='bbox 1056 1759 1126 1810; x_wconf 90' lang='lat' dir='ltr'><strong>Hier.</strong></span> <span class='ocrx_word' id='word_1_186' title='bbox 1146 1759 1331 1825; x_wconf 88' lang='lat' dir='ltr'><strong>(octominu-</strong></span> 
     </span>
     <span class='ocr_line' id='line_1_18' title="bbox 108 1836 1332 1909; baseline 0.006 -20"><span class='ocrx_word' id='word_1_187' title='bbox 108 1838 194 1899; x_wconf 87' lang='lat' dir='ltr'><strong>talis,</strong></span> <span class='ocrx_word' id='word_1_188' title='bbox 214 1866 247 1874; x_wconf 92' lang='lat'>-</span> <span class='ocrx_word' id='word_1_189' title='bbox 265 1854 285 1887; x_wconf 85' lang='lat' dir='ltr'><strong>s.</strong></span> <span class='ocrx_word' id='word_1_190' title='bbox 304 1836 409 1886; x_wconf 83' lang='lat' dir='ltr'><strong>minutal</strong></span> <span class='ocrx_word' id='word_1_191' title='bbox 427 1836 474 1886; x_wconf 85' lang='lat' dir='ltr'><strong>iam</strong></span> <span class='ocrx_word' id='word_1_192' title='bbox 494 1839 585 1904; x_wconf 84' lang='lat' dir='ltr'><strong>antea),</strong></span> <span class='ocrx_word' id='word_1_193' title='bbox 604 1839 709 1890; x_wconf 84' lang='lat' dir='ltr'><strong>noxialis</strong></span> <span class='ocrx_word' id='word_1_194' title='bbox 727 1840 812 1899; x_wconf 89' lang='lat' dir='ltr'><strong>Prud.,</strong></span> <span class='ocrx_word' id='word_1_195' title='bbox 830 1841 966 1892; x_wconf 77' lang='lat' dir='ltr'><strong>occidualis</strong></span> <span class='ocrx_word' id='word_1_196' title='bbox 984 1842 1027 1903; x_wconf 81' lang='lat' dir='ltr'><strong>id,</strong></span> <span class='ocrx_word' id='word_1_197' title='bbox 1046 1843 1212 1909; x_wconf 87' lang='lat' dir='ltr'><strong>praesentalis</strong></span> <span class='ocrx_word' id='word_1_198' title='bbox 1230 1845 1258 1895; x_wconf 78' lang='grc' dir='ltr'><strong>Ο.</strong></span> <span class='ocrx_word' id='word_1_199' title='bbox 1272 1843 1332 1896; x_wconf 88' lang='lat' dir='ltr'><strong>lust.</strong></span> 
     </span>
     <span class='ocr_line' id='line_1_19' title="bbox 108 1921 1333 1994; baseline 0.005 -22"><span class='ocrx_word' id='word_1_200' title='bbox 108 1923 192 1972; x_wconf 82' lang='lat' dir='ltr'><strong>milites</strong></span> <span class='ocrx_word' id='word_1_201' title='bbox 215 1922 411 1988; x_wconf 82' lang='lat' dir='ltr'><strong>(praesentarius</strong></span> <span class='ocrx_word' id='word_1_202' title='bbox 433 1921 517 1989; x_wconf 71' lang='lat' dir='ltr'><strong>netu),</strong></span> <span class='ocrx_word' id='word_1_203' title='bbox 538 1951 568 1960; x_wconf 92' lang='lat'><em>-</em></span> <span class='ocrx_word' id='word_1_204' title='bbox 592 1924 778 1975; x_wconf 90' lang='lat' dir='ltr'><strong>decennalis</strong></span> <span class='ocrx_word' id='word_1_205' title='bbox 801 1925 826 1989; x_wconf 89' lang='lat' dir='ltr'><strong>(a</strong></span> <span class='ocrx_word' id='word_1_206' title='bbox 844 1926 964 1977; x_wconf 88' lang='lat' dir='ltr'><strong>decennis</strong></span> <span class='ocrx_word' id='word_1_207' title='bbox 988 1927 1030 1977; x_wconf 89' lang='lat' dir='ltr'><strong>ucl</strong></span> <span class='ocrx_word' id='word_1_208' title='bbox 1053 1929 1136 1994; x_wconf 90' lang='lat' dir='ltr'><strong>potius</strong></span> <span class='ocrx_word' id='word_1_209' title='bbox 1155 1947 1175 1980; x_wconf 78' lang='lat' dir='ltr'><strong>s.</strong></span> <span class='ocrx_word' id='word_1_210' title='bbox 1194 1928 1333 1994; x_wconf 82' lang='lat' dir='ltr'><strong>decennia).</strong></span> 
     </span>
     <span class='ocr_line' id='line_1_20' title="bbox 109 2007 1332 2078; baseline 0.005 -21"><span class='ocrx_word' id='word_1_211' title='bbox 109 2007 203 2058; x_wconf 90' lang='lat' dir='ltr'><strong>Porro</strong></span> <span class='ocrx_word' id='word_1_212' title='bbox 222 2024 403 2072; x_wconf 86' lang='lat' dir='ltr'><strong>nonnunquam,</strong></span> <span class='ocrx_word' id='word_1_213' title='bbox 422 2007 487 2057; x_wconf 87' lang='lat' dir='ltr'><strong>sicut</strong></span> <span class='ocrx_word' id='word_1_214' title='bbox 499 2024 641 2074; x_wconf 79' lang='lat' dir='ltr'><strong>congenera</strong></span> <span class='ocrx_word' id='word_1_215' title='bbox 658 2009 683 2059; x_wconf 91' lang='lat' dir='ltr'><strong>in</strong></span> <span class='ocrx_word' id='word_1_216' title='bbox 704 2011 804 2060; x_wconf 89' lang='lat' dir='ltr'><strong>-erius</strong></span> <span class='ocrx_word' id='word_1_217' title='bbox 822 2012 853 2059; x_wconf 92' lang='lat' dir='ltr'><strong>ab</strong></span> <span class='ocrx_word' id='word_1_218' title='bbox 865 2011 1001 2071; x_wconf 87' lang='lat' dir='ltr'><strong>eduerbiis,</strong></span> <span class='ocrx_word' id='word_1_219' title='bbox 1020 2020 1048 2062; x_wconf 91' lang='lat' dir='ltr'><strong>ut</strong></span> <span class='ocrx_word' id='word_1_220' title='bbox 1060 2013 1199 2064; x_wconf 87' lang='lat' dir='ltr'><strong>contrarius</strong></span> <span class='ocrx_word' id='word_1_221' title='bbox 1217 2014 1332 2078; x_wconf 86' lang='lat' dir='ltr'><strong>(contra),</strong></span> 
     </span>
     <span class='ocr_line' id='line_1_21' title="bbox 109 2092 1331 2162; baseline 0.004 -18"><span class='ocrx_word' id='word_1_222' title='bbox 109 2094 232 2144; x_wconf 82' lang='lat' dir='ltr'><strong>extrarius</strong></span> <span class='ocrx_word' id='word_1_223' title='bbox 251 2092 306 2153; x_wconf 79' lang='lat' dir='ltr'><strong>all,</strong></span> <span class='ocrx_word' id='word_1_224' title='bbox 328 2093 369 2143; x_wconf 93' lang='lat' dir='ltr'><strong>uel</strong></span> <span class='ocrx_word' id='word_1_225' title='bbox 388 2093 419 2142; x_wconf 90' lang='lat' dir='ltr'><strong>ab</strong></span> <span class='ocrx_word' id='word_1_226' title='bbox 438 2093 576 2144; x_wconf 86' lang='lat' dir='ltr'><strong>aduerbieli</strong></span> <span class='ocrx_word' id='word_1_227' title='bbox 594 2093 702 2144; x_wconf 80' lang='lat' dir='ltr'><strong>dictione</strong></span> <span class='ocrx_word' id='word_1_228' title='bbox 721 2095 817 2161; x_wconf 88' lang='lat' dir='ltr'><strong>(praep.</strong></span> <span class='ocrx_word' id='word_1_229' title='bbox 837 2111 858 2146; x_wconf 89' lang='lat' dir='ltr'><strong>c.</strong></span> <span class='ocrx_word' id='word_1_230' title='bbox 878 2112 935 2145; x_wconf 86' lang='lat' dir='ltr'><strong>casu</strong></span> <span class='ocrx_word' id='word_1_231' title='bbox 954 2097 1043 2162; x_wconf 81' lang='lat' dir='ltr'><strong>nom),</strong></span> <span class='ocrx_word' id='word_1_232' title='bbox 1065 2106 1094 2148; x_wconf 89' lang='lat' dir='ltr'><strong>nt</strong></span> <span class='ocrx_word' id='word_1_233' title='bbox 1111 2115 1135 2148; x_wconf 92' lang='lat' dir='ltr'><strong>e.</strong></span> <span class='ocrx_word' id='word_1_234' title='bbox 1153 2115 1174 2150; x_wconf 89' lang='lat' dir='ltr'><strong>c.</strong></span> <span class='ocrx_word' id='word_1_235' title='bbox 1193 2099 1331 2149; x_wconf 84' lang='lat' dir='ltr'><strong>extraordi-</strong></span> 
     </span>
     <span class='ocr_line' id='line_1_22' title="bbox 110 2177 1334 2244; baseline 0.005 -15"><span class='ocrx_word' id='word_1_236' title='bbox 110 2180 195 2230; x_wconf 79' lang='lat' dir='ltr'><strong>narius</strong></span> <span class='ocrx_word' id='word_1_237' title='bbox 208 2178 290 2244; x_wconf 80' lang='lat' dir='ltr'><strong>(extra</strong></span> <span class='ocrx_word' id='word_1_238' title='bbox 302 2177 432 2244; x_wconf 88' lang='lat' dir='ltr'><strong>ordinem),</strong></span> <span class='ocrx_word' id='word_1_239' title='bbox 446 2206 479 2216; x_wconf 93' lang='lat'><em>-</em></span> <span class='ocrx_word' id='word_1_240' title='bbox 497 2180 532 2229; x_wconf 89' lang='lat' dir='ltr'><strong>sic</strong></span> <span class='ocrx_word' id='word_1_241' title='bbox 550 2197 584 2229; x_wconf 85' lang='lat' dir='ltr'><strong>ex</strong></span> <span class='ocrx_word' id='word_1_242' title='bbox 603 2179 782 2229; x_wconf 85' lang='lat' dir='ltr'><strong>aduerbiali</strong></span> <span class='ocrx_word' id='word_1_243' title='bbox 802 2180 939 2231; x_wconf 88' lang='lat' dir='ltr'><strong>dictione</strong></span> <span class='ocrx_word' id='word_1_244' title='bbox 957 2181 1033 2231; x_wconf 89' lang='lat' dir='ltr'><strong>etiam</strong></span> <span class='ocrx_word' id='word_1_245' title='bbox 1051 2182 1076 2232; x_wconf 91' lang='lat' dir='ltr'><strong>in</strong></span> <span class='ocrx_word' id='word_1_246' title='bbox 1096 2183 1175 2234; x_wconf 90' lang='lat' dir='ltr'><strong>-alis</strong></span> <span class='ocrx_word' id='word_1_247' title='bbox 1193 2184 1334 2235; x_wconf 87' lang='lat' dir='ltr'><strong>confiebant</strong></span> 
     </span>
     <span class='ocr_line' id='line_1_23' title="bbox 109 2263 1333 2334; baseline 0.002 -19"><span class='ocrx_word' id='word_1_248' title='bbox 109 2263 245 2325; x_wconf 87' lang='lat' dir='ltr'><strong>ediectiua,</strong></span> <span class='ocrx_word' id='word_1_249' title='bbox 269 2264 304 2314; x_wconf 84' lang='lat' dir='ltr'><strong>ita</strong></span> <span class='ocrx_word' id='word_1_250' title='bbox 328 2271 357 2313; x_wconf 90' lang='lat' dir='ltr'><strong>ut</strong></span> <span class='ocrx_word' id='word_1_251' title='bbox 375 2281 397 2316; x_wconf 91' lang='lat' dir='ltr'><strong>e.</strong></span> <span class='ocrx_word' id='word_1_252' title='bbox 416 2282 437 2316; x_wconf 90' lang='lat' dir='ltr'><strong>c.</strong></span> <span class='ocrx_word' id='word_1_253' title='bbox 456 2265 523 2330; x_wconf 91' lang='lat' dir='ltr'><strong>quod</strong></span> <span class='ocrx_word' id='word_1_254' title='bbox 546 2281 576 2314; x_wconf 84' lang='lat' dir='ltr'><strong>ex</strong></span> <span class='ocrx_word' id='word_1_255' title='bbox 599 2271 712 2330; x_wconf 89' lang='lat' dir='ltr'><strong>tempore</strong></span> <span class='ocrx_word' id='word_1_256' title='bbox 734 2264 808 2315; x_wconf 87' lang='lat' dir='ltr'><strong>fieret</strong></span> <span class='ocrx_word' id='word_1_257' title='bbox 826 2264 993 2331; x_wconf 83' lang='lat' dir='ltr'><strong>extemporale</strong></span> <span class='ocrx_word' id='word_1_258' title='bbox 1012 2266 1107 2334; x_wconf 77' lang='lat' dir='ltr'><strong>(Quint.</strong></span> <span class='ocrx_word' id='word_1_259' title='bbox 1127 2268 1180 2333; x_wconf 86' lang='lat' dir='ltr'><strong>all.)</strong></span> <span class='ocrx_word' id='word_1_260' title='bbox 1199 2267 1333 2329; x_wconf 86' lang='lat' dir='ltr'><strong>diceretur,</strong></span> 
     </span>
     <span class='ocr_line' id='line_1_24' title="bbox 109 2349 1333 2419; baseline 0.004 -19"><span class='ocrx_word' id='word_1_261' title='bbox 109 2350 247 2401; x_wconf 88' lang='lat' dir='ltr'><strong>cuiusmodi</strong></span> <span class='ocrx_word' id='word_1_262' title='bbox 271 2349 397 2414; x_wconf 84' lang='lat' dir='ltr'><strong>complura</strong></span> <span class='ocrx_word' id='word_1_263' title='bbox 419 2357 518 2399; x_wconf 83' lang='lat' dir='ltr'><strong>exstant</strong></span> <span class='ocrx_word' id='word_1_264' title='bbox 539 2349 605 2415; x_wconf 88' lang='lat' dir='ltr'><strong>apud</strong></span> <span class='ocrx_word' id='word_1_265' title='bbox 628 2349 794 2408; x_wconf 87' lang='lat' dir='ltr'><strong>recentiores,</strong></span> <span class='ocrx_word' id='word_1_266' title='bbox 816 2357 844 2399; x_wconf 92' lang='lat' dir='ltr'><strong>ut</strong></span> <span class='ocrx_word' id='word_1_267' title='bbox 865 2351 1020 2401; x_wconf 86' lang='lat' dir='ltr'><strong>antemurale</strong></span> <span class='ocrx_word' id='word_1_268' title='bbox 1044 2352 1127 2411; x_wconf 62' lang='lat' dir='ltr'><strong>Hier„</strong></span> <span class='ocrx_word' id='word_1_269' title='bbox 1151 2353 1240 2419; x_wconf 65' lang='lat' dir='ltr'><strong>vulg„</strong></span> <span class='ocrx_word' id='word_1_270' title='bbox 1264 2361 1333 2405; x_wconf 86' lang='lat' dir='ltr'><strong>ante·</strong></span> 
     </span>
     <span class='ocr_line' id='line_1_25' title="bbox 109 2435 1333 2506; baseline 0.002 -20"><span class='ocrx_word' id='word_1_271' title='bbox 109 2435 247 2486; x_wconf 81' lang='lat' dir='ltr'><strong>aedificalis</strong></span> <span class='ocrx_word' id='word_1_272' title='bbox 265 2435 340 2494; x_wconf 75' lang='lat' dir='ltr'><strong>Dice,</strong></span> <span class='ocrx_word' id='word_1_273' title='bbox 359 2435 555 2487; x_wconf 85' lang='lat' dir='ltr'><strong>antemeridialis</strong></span> <span class='ocrx_word' id='word_1_274' title='bbox 574 2436 608 2487; x_wconf 89' lang='lat' dir='ltr'><strong>M.</strong></span> <span class='ocrx_word' id='word_1_275' title='bbox 627 2435 697 2501; x_wconf 82' lang='lat' dir='ltr'><strong>Cep,</strong></span> <span class='ocrx_word' id='word_1_276' title='bbox 715 2435 906 2486; x_wconf 84' lang='lat' dir='ltr'><strong>extranaturalis</strong></span> <span class='ocrx_word' id='word_1_277' title='bbox 925 2435 1001 2496; x_wconf 70' lang='lat' dir='ltr'><strong>Tert,</strong></span> <span class='ocrx_word' id='word_1_278' title='bbox 1020 2439 1163 2506; x_wconf 75' lang='lat' dir='ltr'><strong>promurale</strong></span> <span class='ocrx_word' id='word_1_279' title='bbox 1181 2437 1252 2499; x_wconf 80' lang='lat' dir='ltr'><strong>Isid,</strong></span> <span class='ocrx_word' id='word_1_280' title='bbox 1272 2439 1333 2490; x_wconf 88' lang='lat' dir='ltr'><strong>sub·</strong></span> 
     </span>
     <span class='ocr_line' id='line_1_26' title="bbox 109 2519 1333 2587; baseline 0.002 -16"><span class='ocrx_word' id='word_1_281' title='bbox 109 2520 216 2571; x_wconf 82' lang='lat' dir='ltr'><strong>ocularis</strong></span> <span class='ocrx_word' id='word_1_282' title='bbox 236 2521 298 2585; x_wconf 79' lang='lat' dir='ltr'><strong>Veg.</strong></span> <span class='ocrx_word' id='word_1_283' title='bbox 318 2538 350 2580; x_wconf 89' lang='grc' dir='ltr'><strong>ιι.,</strong></span> <span class='ocrx_word' id='word_1_284' title='bbox 369 2549 402 2558; x_wconf 89' lang='lat'>-</span> <span class='ocrx_word' id='word_1_285' title='bbox 421 2521 594 2577; x_wconf 79' lang='lat' dir='ltr'><strong>anbeletis,</strong></span> <span class='ocrx_word' id='word_1_286' title='bbox 612 2519 808 2572; x_wconf 85' lang='lat' dir='ltr'><strong>subarmalis.</strong></span> <span class='ocrx_word' id='word_1_287' title='bbox 845 2520 987 2587; x_wconf 84' lang='lat' dir='ltr'><strong>Denique</strong></span> <span class='ocrx_word' id='word_1_288' title='bbox 1009 2523 1084 2574; x_wconf 85' lang='lat' dir='ltr'><strong>etiarn</strong></span> <span class='ocrx_word' id='word_1_289' title='bbox 1103 2541 1118 2574; x_wconf 89' lang='lat' dir='ltr'><strong>a</strong></span> <span class='ocrx_word' id='word_1_290' title='bbox 1135 2525 1246 2574; x_wconf 87' lang='lat' dir='ltr'><strong>uerbis</strong></span> <span class='ocrx_word' id='word_1_291' title='bbox 1265 2522 1333 2575; x_wconf 88' lang='lat' dir='ltr'><strong>deri-</strong></span> 
     </span>
     <span class='ocr_line' id='line_1_27' title="bbox 109 2604 1334 2673; baseline 0.004 -18"><span class='ocrx_word' id='word_1_292' title='bbox 109 2615 168 2655; x_wconf 83' lang='lat' dir='ltr'><strong>nsta</strong></span> <span class='ocrx_word' id='word_1_293' title='bbox 190 2613 289 2655; x_wconf 86' lang='lat' dir='ltr'><strong>exstant</strong></span> <span class='ocrx_word' id='word_1_294' title='bbox 311 2605 378 2655; x_wconf 83' lang='lat' dir='ltr'><strong>heusl</strong></span> <span class='ocrx_word' id='word_1_295' title='bbox 400 2622 479 2670; x_wconf 88' lang='lat' dir='ltr'><strong>pauca</strong></span> <span class='ocrx_word' id='word_1_296' title='bbox 502 2614 529 2655; x_wconf 90' lang='lat' dir='ltr'><strong>et</strong></span> <span class='ocrx_word' id='word_1_297' title='bbox 550 2605 640 2670; x_wconf 88' lang='lat' dir='ltr'><strong>partim</strong></span> <span class='ocrx_word' id='word_1_298' title='bbox 663 2605 764 2670; x_wconf 89' lang='lat' dir='ltr'><strong>antiqua</strong></span> <span class='ocrx_word' id='word_1_299' title='bbox 786 2622 841 2654; x_wconf 91' lang='lat' dir='ltr'><strong>cum</strong></span> <span class='ocrx_word' id='word_1_300' title='bbox 863 2604 889 2654; x_wconf 87' lang='lat' dir='ltr'><strong>in</strong></span> <span class='ocrx_word' id='word_1_301' title='bbox 913 2606 1014 2657; x_wconf 83' lang='lat' dir='ltr'><strong>-erius</strong></span> <span class='ocrx_word' id='word_1_302' title='bbox 1036 2608 1078 2671; x_wconf 82' lang='lat' dir='ltr'><strong>(sle</strong></span> <span class='ocrx_word' id='word_1_303' title='bbox 1101 2609 1190 2673; x_wconf 90' lang='lat' dir='ltr'><strong>quibus</strong></span> <span class='ocrx_word' id='word_1_304' title='bbox 1213 2625 1239 2661; x_wconf 91' lang='lat' dir='ltr'><strong>u.</strong></span> <span class='ocrx_word' id='word_1_305' title='bbox 1256 2609 1334 2673; x_wconf 79' lang='lat' dir='ltr'><strong>infra)</strong></span> 
     </span>
     <span class='ocr_line' id='line_1_28' title="bbox 110 2689 1333 2759; baseline 0.005 -21"><span class='ocrx_word' id='word_1_306' title='bbox 110 2697 161 2740; x_wconf 89' lang='lat' dir='ltr'><strong>tnm</strong></span> <span class='ocrx_word' id='word_1_307' title='bbox 179 2690 205 2740; x_wconf 92' lang='lat' dir='ltr'><strong>in</strong></span> <span class='ocrx_word' id='word_1_308' title='bbox 225 2690 304 2739; x_wconf 91' lang='lat' dir='ltr'><strong>-alis</strong></span> <span class='ocrx_word' id='word_1_309' title='bbox 322 2689 471 2746; x_wconf 88' lang='lat' dir='ltr'><strong>desinentia,</strong></span> <span class='ocrx_word' id='word_1_310' title='bbox 490 2689 644 2754; x_wconf 76' lang='lat' dir='ltr'><strong>significatus</strong></span> <span class='ocrx_word' id='word_1_311' title='bbox 662 2704 761 2753; x_wconf 89' lang='lat' dir='ltr'><strong>quoque</strong></span> <span class='ocrx_word' id='word_1_312' title='bbox 780 2705 875 2753; x_wconf 79' lang='lat' dir='ltr'><strong>genere</strong></span> <span class='ocrx_word' id='word_1_313' title='bbox 892 2691 983 2741; x_wconf 86' lang='lat' dir='ltr'><strong>ceteris</strong></span> <span class='ocrx_word' id='word_1_314' title='bbox 1002 2692 1171 2758; x_wconf 86' lang='lat' dir='ltr'><strong>discrepantia</strong></span> <span class='ocrx_word' id='word_1_315' title='bbox 1183 2700 1258 2759; x_wconf 86' lang='lat' dir='ltr'><strong>atque</strong></span> <span class='ocrx_word' id='word_1_316' title='bbox 1272 2694 1333 2745; x_wconf 86' lang='lat' dir='ltr'><strong>assi·</strong></span> 
     </span>
    </p>
   </div>
   <div class='ocr_carea' id='block_1_4' title="bbox 103 2773 1337 4394">
    <p class='ocr_par' dir='ltr' id='par_1_4' title="bbox 103 2773 1337 4394">
     <span class='ocr_line' id='line_1_29' title="bbox 110 2773 1335 2863; baseline 0.004 -18"><span class='ocrx_word' id='word_1_317' title='bbox 110 2795 178 2846; x_wconf 89' lang='lat' dir='ltr'><strong>milie</strong></span> <span class='ocrx_word' id='word_1_318' title='bbox 196 2795 250 2845; x_wconf 83' lang='lat' dir='ltr'><strong>sere</strong></span> <span class='ocrx_word' id='word_1_319' title='bbox 268 2793 415 2845; x_wconf 83' lang='lat' dir='ltr'><strong>uerbalibus</strong></span> <span class='ocrx_word' id='word_1_320' title='bbox 434 2793 458 2842; x_wconf 92' lang='lat' dir='ltr'><strong>in</strong></span> <span class='ocrx_word' id='word_1_321' title='bbox 479 2793 567 2844; x_wconf 90' lang='lat' dir='ltr'><strong>-inns</strong></span> <span class='ocrx_word' id='word_1_322' title='bbox 585 2793 626 2844; x_wconf 90' lang='lat' dir='ltr'><strong>uel</strong></span> <span class='ocrx_word' id='word_1_323' title='bbox 645 2773 725 2845; x_wconf 81' lang='lat' dir='ltr'><strong>-l&#39;lis.</strong></span> <span class='ocrx_word' id='word_1_324' title='bbox 752 2791 873 2844; x_wconf 90' lang='lat' dir='ltr'><strong>lnolinata</strong></span> <span class='ocrx_word' id='word_1_325' title='bbox 890 2802 949 2845; x_wconf 91' lang='lat' dir='ltr'><strong>sunt</strong></span> <span class='ocrx_word' id='word_1_326' title='bbox 960 2795 1024 2847; x_wconf 89' lang='lat' dir='ltr'><strong>haec</strong></span> <span class='ocrx_word' id='word_1_327' title='bbox 1036 2798 1128 2863; x_wconf 78' lang='lat' dir='ltr'><strong>partim</strong></span> <span class='ocrx_word' id='word_1_328' title='bbox 1140 2816 1156 2848; x_wconf 88' lang='lat' dir='ltr'><strong>a</strong></span> <span class='ocrx_word' id='word_1_329' title='bbox 1169 2805 1233 2863; x_wconf 89' lang='lat' dir='ltr'><strong>part.</strong></span> <span class='ocrx_word' id='word_1_330' title='bbox 1246 2807 1335 2863; x_wconf 79' lang='lat' dir='ltr'><strong>praet,</strong></span> 
     </span>
     <span class='ocr_line' id='line_1_30' title="bbox 111 2878 1335 2950; baseline 0.002 -18"><span class='ocrx_word' id='word_1_331' title='bbox 111 2890 139 2932; x_wconf 91' lang='lat' dir='ltr'><strong>ut</strong></span> <span class='ocrx_word' id='word_1_332' title='bbox 155 2880 318 2947; x_wconf 86' lang='lat' dir='ltr'><strong>peremptalia</strong></span> <span class='ocrx_word' id='word_1_333' title='bbox 336 2897 388 2946; x_wconf 87' lang='lat' dir='ltr'><strong>pr.,</strong></span> <span class='ocrx_word' id='word_1_334' title='bbox 410 2878 516 2930; x_wconf 85' lang='lat' dir='ltr'><strong>caeselis</strong></span> <span class='ocrx_word' id='word_1_335' title='bbox 535 2878 633 2938; x_wconf 74' lang='lat' dir='ltr'><strong>(irum,</strong></span> <span class='ocrx_word' id='word_1_336' title='bbox 657 2879 748 2944; x_wconf 87' lang='lat' dir='ltr'><strong>partim</strong></span> <span class='ocrx_word' id='word_1_337' title='bbox 766 2896 782 2928; x_wconf 89' lang='lat' dir='ltr'><strong>a</strong></span> <span class='ocrx_word' id='word_1_338' title='bbox 800 2880 963 2943; x_wconf 85' lang='lat' dir='ltr'><strong>praesentali,</strong></span> <span class='ocrx_word' id='word_1_339' title='bbox 986 2881 1007 2932; x_wconf 86' lang='lat' dir='ltr'><strong>si</strong></span> <span class='ocrx_word' id='word_1_340' title='bbox 1026 2882 1085 2933; x_wconf 91' lang='lat' dir='ltr'><strong>licet</strong></span> <span class='ocrx_word' id='word_1_341' title='bbox 1103 2883 1138 2933; x_wconf 89' lang='lat' dir='ltr'><strong>lta</strong></span> <span class='ocrx_word' id='word_1_342' title='bbox 1156 2882 1232 2948; x_wconf 87' lang='lat' dir='ltr'><strong>loqui,</strong></span> <span class='ocrx_word' id='word_1_343' title='bbox 1252 2891 1335 2950; x_wconf 86' lang='lat' dir='ltr'><strong>etymo</strong></span> 
     </span>
     <span class='ocr_line' id='line_1_31' title="bbox 110 2963 1334 3034; baseline 0.004 -18"><span class='ocrx_word' id='word_1_344' title='bbox 110 2967 189 3025; x_wconf 87' lang='lat' dir='ltr'><strong>uerbi,</strong></span> <span class='ocrx_word' id='word_1_345' title='bbox 208 2974 236 3015; x_wconf 89' lang='lat' dir='ltr'><strong>ut</strong></span> <span class='ocrx_word' id='word_1_346' title='bbox 252 2965 357 3016; x_wconf 87' lang='lat' dir='ltr'><strong>manalis</strong></span> <span class='ocrx_word' id='word_1_347' title='bbox 376 2981 413 3031; x_wconf 91' lang='lat' dir='ltr'><strong>pr.</strong></span> <span class='ocrx_word' id='word_1_348' title='bbox 433 2965 639 3027; x_wconf 82' lang='lat' dir='ltr'><strong>(sacrificalis</strong></span> <span class='ocrx_word' id='word_1_349' title='bbox 657 2982 671 3014; x_wconf 86' lang='lat' dir='ltr'><strong>e</strong></span> <span class='ocrx_word' id='word_1_350' title='bbox 690 2963 869 3016; x_wconf 83' lang='lat' dir='ltr'><strong>sacrificando?</strong></span> <span class='ocrx_word' id='word_1_351' title='bbox 887 2982 937 3015; x_wconf 89' lang='lat' dir='ltr'><strong>non</strong></span> <span class='ocrx_word' id='word_1_352' title='bbox 955 2966 1110 3034; x_wconf 76' lang='lat' dir='ltr'><strong>suffragante</strong></span> <span class='ocrx_word' id='word_1_353' title='bbox 1122 2969 1222 3034; x_wconf 89' lang='lat' dir='ltr'><strong>quidem</strong></span> <span class='ocrx_word' id='word_1_354' title='bbox 1240 2969 1334 3034; x_wconf 88' lang='lat' dir='ltr'><strong>senen).</strong></span> 
     </span>
     <span class='ocr_line' id='line_1_32' title="bbox 111 3048 1335 3118; baseline 0.003 -18"><span class='ocrx_word' id='word_1_355' title='bbox 111 3053 187 3102; x_wconf 80' lang='lat' dir='ltr'><strong>Cuius</strong></span> <span class='ocrx_word' id='word_1_356' title='bbox 206 3052 307 3118; x_wconf 84' lang='lat' dir='ltr'><strong>generis</strong></span> <span class='ocrx_word' id='word_1_357' title='bbox 325 3068 400 3117; x_wconf 88' lang='lat' dir='ltr'><strong>porro</strong></span> <span class='ocrx_word' id='word_1_358' title='bbox 418 3051 554 3116; x_wconf 89' lang='lat' dir='ltr'><strong>specimina</strong></span> <span class='ocrx_word' id='word_1_359' title='bbox 572 3048 651 3100; x_wconf 88' lang='lat' dir='ltr'><strong>indidi</strong></span> <span class='ocrx_word' id='word_1_360' title='bbox 669 3049 746 3109; x_wconf 88' lang='lat' dir='ltr'><strong>haec,</strong></span> <span class='ocrx_word' id='word_1_361' title='bbox 769 3049 800 3098; x_wconf 92' lang='lat' dir='ltr'><strong>ad</strong></span> <span class='ocrx_word' id='word_1_362' title='bbox 824 3049 1006 3115; x_wconf 77' lang='lat' dir='ltr'><strong>significantiae</strong></span> <span class='ocrx_word' id='word_1_363' title='bbox 1024 3052 1191 3103; x_wconf 79' lang='lat' dir='ltr'><strong>differentiam</strong></span> <span class='ocrx_word' id='word_1_364' title='bbox 1210 3061 1254 3104; x_wconf 89' lang='lat' dir='ltr'><strong>aut</strong></span> <span class='ocrx_word' id='word_1_365' title='bbox 1271 3054 1335 3105; x_wconf 89' lang='lat' dir='ltr'><strong>acti-</strong></span> 
     </span>
     <span class='ocr_line' id='line_1_33' title="bbox 112 3134 1337 3204; baseline 0.001 -17"><span class='ocrx_word' id='word_1_366' title='bbox 112 3137 177 3190; x_wconf 89' lang='lat' dir='ltr'><strong>nalie</strong></span> <span class='ocrx_word' id='word_1_367' title='bbox 196 3148 239 3188; x_wconf 88' lang='lat' dir='ltr'><strong>ant</strong></span> <span class='ocrx_word' id='word_1_368' title='bbox 255 3138 373 3204; x_wconf 88' lang='lat' dir='ltr'><strong>passiuae</strong></span> <span class='ocrx_word' id='word_1_369' title='bbox 390 3136 499 3204; x_wconf 81' lang='lat' dir='ltr'><strong>digesta:</strong></span> <span class='ocrx_word' id='word_1_370' title='bbox 523 3136 703 3204; x_wconf 79' lang='lat' dir='ltr'><strong>significatione</strong></span> <span class='ocrx_word' id='word_1_371' title='bbox 720 3135 820 3186; x_wconf 87' lang='lat' dir='ltr'><strong>actiueli</strong></span> <span class='ocrx_word' id='word_1_372' title='bbox 843 3134 962 3186; x_wconf 85' lang='lat' dir='ltr'><strong>donicalia</strong></span> <span class='ocrx_word' id='word_1_373' title='bbox 980 3135 1009 3185; x_wconf 92' lang='lat' dir='ltr'><strong>P.</strong></span> <span class='ocrx_word' id='word_1_374' title='bbox 1028 3136 1099 3190; x_wconf 88' lang='lat' dir='ltr'><strong>Diac.</strong></span> <span class='ocrx_word' id='word_1_375' title='bbox 1121 3136 1240 3188; x_wconf 77' lang='lat' dir='ltr'><strong>clericales</strong></span> <span class='ocrx_word' id='word_1_376' title='bbox 1255 3139 1337 3201; x_wconf 84' lang='lat' dir='ltr'><strong>serice</strong></span> 
     </span>
     <span class='ocr_line' id='line_1_34' title="bbox 110 3220 1337 3286; baseline 0 -12"><span class='ocrx_word' id='word_1_377' title='bbox 110 3241 159 3274; x_wconf 85' lang='lat' dir='ltr'><strong>cum</strong></span> <span class='ocrx_word' id='word_1_378' title='bbox 178 3223 276 3273; x_wconf 81' lang='lat' dir='ltr'><strong>luminis</strong></span> <span class='ocrx_word' id='word_1_379' title='bbox 293 3223 379 3273; x_wconf 82' lang='lat' dir='ltr'><strong>mortui</strong></span> <span class='ocrx_word' id='word_1_380' title='bbox 394 3239 470 3272; x_wconf 84' lang='lat' dir='ltr'><strong>cauea</strong></span> <span class='ocrx_word' id='word_1_381' title='bbox 478 3221 582 3285; x_wconf 82' lang='lat' dir='ltr'><strong>familia</strong></span> <span class='ocrx_word' id='word_1_382' title='bbox 597 3223 750 3285; x_wconf 74' lang='lat' dir='ltr'><strong>purpubotur</strong></span> <span class='ocrx_word' id='word_1_383' title='bbox 762 3221 787 3284; x_wconf 82' lang='lat' dir='ltr'><strong>(a</strong></span> <span class='ocrx_word' id='word_1_384' title='bbox 800 3220 954 3285; x_wconf 61' lang='lat' dir='ltr'><strong>pdenicare),</strong></span> <span class='ocrx_word' id='word_1_385' title='bbox 966 3222 1105 3286; x_wconf 83' lang='lat' dir='ltr'><strong>penetralis</strong></span> <span class='ocrx_word' id='word_1_386' title='bbox 1118 3221 1201 3284; x_wconf 64' lang='lat' dir='ltr'><strong>lunen,</strong></span> <span class='ocrx_word' id='word_1_387' title='bbox 1213 3224 1244 3275; x_wconf 78' lang='lat' dir='ltr'><strong>cs.</strong></span> <span class='ocrx_word' id='word_1_388' title='bbox 1258 3222 1337 3276; x_wconf 85' lang='lat' dir='ltr'><strong>Prisc.</strong></span> 
     </span>
     <span class='ocr_line' id='line_1_35' title="bbox 110 3304 1335 3375; baseline -0.001 -14"><span class='ocrx_word' id='word_1_389' title='bbox 110 3307 174 3362; x_wconf 89' lang='lat' dir='ltr'><strong>Inst.</strong></span> <span class='ocrx_word' id='word_1_390' title='bbox 193 3309 236 3367; x_wconf 87' lang='lat' dir='ltr'><strong>IV,</strong></span> <span class='ocrx_word' id='word_1_391' title='bbox 255 3308 289 3357; x_wconf 80' lang='lat'><strong>24</strong></span> <span class='ocrx_word' id='word_1_392' title='bbox 307 3307 483 3374; x_wconf 86' lang='lat' dir='ltr'><strong>(penetrabilis</strong></span> <span class='ocrx_word' id='word_1_393' title='bbox 503 3307 577 3371; x_wconf 79' lang='lat' dir='ltr'><strong>Verg.</strong></span> <span class='ocrx_word' id='word_1_394' title='bbox 596 3304 652 3367; x_wconf 86' lang='lat' dir='ltr'><strong>all.;</strong></span> <span class='ocrx_word' id='word_1_395' title='bbox 670 3333 703 3342; x_wconf 92' lang='lat'>—</span> <span class='ocrx_word' id='word_1_396' title='bbox 721 3305 872 3371; x_wconf 84' lang='lat' dir='ltr'><strong>penetralis,</strong></span> <span class='ocrx_word' id='word_1_397' title='bbox 894 3307 960 3372; x_wconf 87' lang='lat' dir='ltr'><strong>quod</strong></span> <span class='ocrx_word' id='word_1_398' title='bbox 979 3317 1037 3373; x_wconf 92' lang='lat' dir='ltr'><strong>post</strong></span> <span class='ocrx_word' id='word_1_399' title='bbox 1054 3308 1095 3361; x_wconf 88' lang='lat' dir='ltr'><strong>all.</strong></span> <span class='ocrx_word' id='word_1_400' title='bbox 1115 3308 1273 3375; x_wconf 71' lang='lat' dir='ltr'><strong>Lampridius</strong></span> <span class='ocrx_word' id='word_1_401' title='bbox 1290 3310 1335 3361; x_wconf 84' lang='lat' dir='ltr'><strong>lte·</strong></span> 
     </span>
     <span class='ocr_line' id='line_1_36' title="bbox 110 3389 1335 3461; baseline 0.002 -17"><span class='ocrx_word' id='word_1_402' title='bbox 110 3396 162 3454; x_wconf 91' lang='lat' dir='ltr'><strong>bet,</strong></span> <span class='ocrx_word' id='word_1_403' title='bbox 180 3393 247 3444; x_wconf 88' lang='lat' dir='ltr'><strong>aliud</strong></span> <span class='ocrx_word' id='word_1_404' title='bbox 266 3401 313 3453; x_wconf 90' lang='lat' dir='ltr'><strong>est,</strong></span> <span class='ocrx_word' id='word_1_405' title='bbox 332 3393 507 3458; x_wconf 86' lang='lat' dir='ltr'><strong>homonymum</strong></span> <span class='ocrx_word' id='word_1_406' title='bbox 525 3391 563 3441; x_wconf 92' lang='lat' dir='ltr'><strong>illi</strong></span> <span class='ocrx_word' id='word_1_407' title='bbox 581 3406 630 3440; x_wconf 92' lang='lat' dir='ltr'><strong>non</strong></span> <span class='ocrx_word' id='word_1_408' title='bbox 646 3390 773 3453; x_wconf 85' lang='lat' dir='ltr'><strong>nerbele),</strong></span> <span class='ocrx_word' id='word_1_409' title='bbox 792 3390 920 3442; x_wconf 86' lang='lat' dir='ltr'><strong>ruminalis</strong></span> <span class='ocrx_word' id='word_1_410' title='bbox 938 3389 1012 3453; x_wconf 80' lang='lat' dir='ltr'><strong>Ptin,</strong></span> <span class='ocrx_word' id='word_1_411' title='bbox 1030 3393 1183 3458; x_wconf 79' lang='lat' dir='ltr'><strong>genitalis</strong></span> <span class='ocrx_word' id='word_1_412' title='bbox 1202 3393 1335 3461; x_wconf 80' lang='lat' dir='ltr'><strong>(genitabi-</strong></span> 
     </span>
     <span class='ocr_line' id='line_1_37' title="bbox 109 3474 1336 3543; baseline 0.002 -15"><span class='ocrx_word' id='word_1_413' title='bbox 109 3479 166 3543; x_wconf 89' lang='lat' dir='ltr'><strong>lis),</strong></span> <span class='ocrx_word' id='word_1_414' title='bbox 185 3479 214 3528; x_wconf 84' lang='lat' dir='ltr'><strong>cf.</strong></span> <span class='ocrx_word' id='word_1_415' title='bbox 234 3487 261 3528; x_wconf 90' lang='lat' dir='ltr'><strong>et</strong></span> <span class='ocrx_word' id='word_1_416' title='bbox 278 3475 396 3535; x_wconf 86' lang='lat' dir='ltr'><strong>inci-lis;</strong></span> <span class='ocrx_word' id='word_1_417' title='bbox 415 3503 447 3513; x_wconf 89' lang='lat'>-</span> <span class='ocrx_word' id='word_1_418' title='bbox 466 3475 648 3540; x_wconf 77' lang='lat' dir='ltr'><strong>significatione</strong></span> <span class='ocrx_word' id='word_1_419' title='bbox 667 3475 769 3540; x_wconf 84' lang='lat' dir='ltr'><strong>passius</strong></span> <span class='ocrx_word' id='word_1_420' title='bbox 786 3474 944 3528; x_wconf 87' lang='lat' dir='ltr'><strong>intercalaris</strong></span> <span class='ocrx_word' id='word_1_421' title='bbox 962 3476 1168 3543; x_wconf 78' lang='lat' dir='ltr'><strong>(intercalarius),</strong></span> <span class='ocrx_word' id='word_1_422' title='bbox 1190 3479 1296 3541; x_wconf 88' lang='lat' dir='ltr'><strong>nonalis,</strong></span> <span class='ocrx_word' id='word_1_423' title='bbox 1315 3499 1336 3532; x_wconf 89' lang='lat' dir='ltr'><strong>r.</strong></span> 
     </span>
     <span class='ocr_line' id='line_1_38' title="bbox 110 3559 1336 3629; baseline 0.002 -16"><span class='ocrx_word' id='word_1_424' title='bbox 110 3563 250 3629; x_wconf 87' lang='lat' dir='ltr'><strong>anticipalis</strong></span> <span class='ocrx_word' id='word_1_425' title='bbox 268 3564 335 3628; x_wconf 80' lang='lat' dir='ltr'><strong>Agg.</strong></span> <span class='ocrx_word' id='word_1_426' title='bbox 354 3562 415 3613; x_wconf 92' lang='lat' dir='ltr'><strong>Vrb.</strong></span> <span class='ocrx_word' id='word_1_427' title='bbox 435 3579 459 3626; x_wconf 93' lang='lat' dir='ltr'><strong>p.</strong></span> <span class='ocrx_word' id='word_1_428' title='bbox 472 3562 505 3610; x_wconf 77' lang='lat' dir='ltr'><strong>6t</strong></span> <span class='ocrx_word' id='word_1_429' title='bbox 519 3562 560 3620; x_wconf 84' lang='lat' dir='ltr'><strong>al,</strong></span> <span class='ocrx_word' id='word_1_430' title='bbox 580 3559 720 3626; x_wconf 81' lang='lat' dir='ltr'><strong>subiugalis</strong></span> <span class='ocrx_word' id='word_1_431' title='bbox 737 3559 817 3611; x_wconf 90' lang='lat' dir='ltr'><strong>Prnd.</strong></span> <span class='ocrx_word' id='word_1_432' title='bbox 846 3559 943 3611; x_wconf 82' lang='lat' dir='ltr'><strong>Similia</strong></span> <span class='ocrx_word' id='word_1_433' title='bbox 963 3568 1020 3612; x_wconf 89' lang='lat' dir='ltr'><strong>eunt</strong></span> <span class='ocrx_word' id='word_1_434' title='bbox 1038 3562 1108 3613; x_wconf 87' lang='lat' dir='ltr'><strong>hisce</strong></span> <span class='ocrx_word' id='word_1_435' title='bbox 1126 3562 1270 3614; x_wconf 90' lang='lat' dir='ltr'><strong>nerbelibus</strong></span> <span class='ocrx_word' id='word_1_436' title='bbox 1289 3566 1336 3616; x_wconf 87' lang='lat' dir='ltr'><strong>etsi</strong></span> 
     </span>
     <span class='ocr_line' id='line_1_39' title="bbox 109 3645 1337 3715; baseline 0.001 -16"><span class='ocrx_word' id='word_1_437' title='bbox 109 3665 159 3699; x_wconf 92' lang='lat' dir='ltr'><strong>non</strong></span> <span class='ocrx_word' id='word_1_438' title='bbox 177 3648 268 3714; x_wconf 82' lang='lat' dir='ltr'><strong>figura,</strong></span> <span class='ocrx_word' id='word_1_439' title='bbox 291 3657 317 3697; x_wconf 91' lang='lat' dir='ltr'><strong>at</strong></span> <span class='ocrx_word' id='word_1_440' title='bbox 334 3664 410 3698; x_wconf 89' lang='lat' dir='ltr'><strong>sensu</strong></span> <span class='ocrx_word' id='word_1_441' title='bbox 430 3646 537 3697; x_wconf 83' lang='lat' dir='ltr'><strong>exitialia</strong></span> <span class='ocrx_word' id='word_1_442' title='bbox 555 3646 606 3697; x_wconf 86' lang='lat' dir='ltr'><strong>Cic.</strong></span> <span class='ocrx_word' id='word_1_443' title='bbox 626 3645 668 3698; x_wconf 89' lang='lat' dir='ltr'><strong>all.</strong></span> <span class='ocrx_word' id='word_1_444' title='bbox 687 3645 730 3710; x_wconf 80' lang='lat' dir='ltr'><strong>(cs.</strong></span> <span class='ocrx_word' id='word_1_445' title='bbox 749 3645 902 3713; x_wconf 82' lang='lat' dir='ltr'><strong>exitiabilis),</strong></span> <span class='ocrx_word' id='word_1_446' title='bbox 922 3646 1042 3699; x_wconf 81' lang='lat' dir='ltr'><strong>feralis.</strong></span> <span class='ocrx_word' id='word_1_447' title='bbox 1060 3675 1095 3684; x_wconf 92' lang='lat'>-</span> <span class='ocrx_word' id='word_1_448' title='bbox 1119 3647 1199 3709; x_wconf 75' lang='lat' dir='ltr'><strong>Quam</strong></span> <span class='ocrx_word' id='word_1_449' title='bbox 1217 3647 1337 3715; x_wconf 81' lang='lat' dir='ltr'><strong>frequens</strong></span> 
     </span>
     <span class='ocr_line' id='line_1_40' title="bbox 109 3729 1335 3801; baseline 0.001 -16"><span class='ocrx_word' id='word_1_450' title='bbox 109 3734 143 3785; x_wconf 91' lang='lat' dir='ltr'><strong>sit</strong></span> <span class='ocrx_word' id='word_1_451' title='bbox 164 3734 229 3799; x_wconf 83' lang='lat' dir='ltr'><strong>apud</strong></span> <span class='ocrx_word' id='word_1_452' title='bbox 252 3740 351 3782; x_wconf 90' lang='lat' dir='ltr'><strong>nostros</strong></span> <span class='ocrx_word' id='word_1_453' title='bbox 372 3732 508 3782; x_wconf 85' lang='lat' dir='ltr'><strong>formarum</strong></span> <span class='ocrx_word' id='word_1_454' title='bbox 530 3731 554 3782; x_wconf 91' lang='lat' dir='ltr'><strong>in</strong></span> <span class='ocrx_word' id='word_1_455' title='bbox 576 3729 655 3781; x_wconf 58' lang='lat' dir='ltr'><strong>”elis</strong></span> <span class='ocrx_word' id='word_1_456' title='bbox 673 3729 779 3794; x_wconf 87' lang='lat' dir='ltr'><strong>(-aris)</strong></span> <span class='ocrx_word' id='word_1_457' title='bbox 802 3746 859 3795; x_wconf 91' lang='lat' dir='ltr'><strong>pro</strong></span> <span class='ocrx_word' id='word_1_458' title='bbox 881 3732 1095 3783; x_wconf 87' lang='lat' dir='ltr'><strong>substantiuis</strong></span> <span class='ocrx_word' id='word_1_459' title='bbox 1113 3734 1255 3800; x_wconf 86' lang='lat' dir='ltr'><strong>usurpatio,</strong></span> <span class='ocrx_word' id='word_1_460' title='bbox 1279 3735 1335 3801; x_wconf 89' lang='lat' dir='ltr'><strong>ipse</strong></span> 
     </span>
     <span class='ocr_line' id='line_1_41' title="bbox 111 3813 1336 3884; baseline 0 -14"><span class='ocrx_word' id='word_1_461' title='bbox 111 3820 204 3870; x_wconf 87' lang='lat' dir='ltr'><strong>uiderit</strong></span> <span class='ocrx_word' id='word_1_462' title='bbox 221 3819 306 3871; x_wconf 89' lang='lat' dir='ltr'><strong>lector.</strong></span> <span class='ocrx_word' id='word_1_463' title='bbox 331 3817 394 3870; x_wconf 88' lang='lat' dir='ltr'><strong>Cum</strong></span> <span class='ocrx_word' id='word_1_464' title='bbox 412 3819 478 3867; x_wconf 91' lang='lat' dir='ltr'><strong>enim</strong></span> <span class='ocrx_word' id='word_1_465' title='bbox 496 3817 626 3868; x_wconf 89' lang='lat' dir='ltr'><strong>ueteribus</strong></span> <span class='ocrx_word' id='word_1_466' title='bbox 645 3816 725 3865; x_wconf 84' lang='lat' dir='ltr'><strong>lorma</strong></span> <span class='ocrx_word' id='word_1_467' title='bbox 742 3813 847 3866; x_wconf 84' lang='lat' dir='ltr'><strong>confinis</strong></span> <span class='ocrx_word' id='word_1_468' title='bbox 864 3816 890 3865; x_wconf 92' lang='lat' dir='ltr'><strong>in</strong></span> <span class='ocrx_word' id='word_1_469' title='bbox 910 3818 1011 3869; x_wconf 88' lang='lat' dir='ltr'><strong>-arins</strong></span> <span class='ocrx_word' id='word_1_470' title='bbox 1029 3818 1129 3883; x_wconf 82' lang='lat' dir='ltr'><strong>magis</strong></span> <span class='ocrx_word' id='word_1_471' title='bbox 1147 3836 1220 3884; x_wconf 82' lang='lat' dir='ltr'><strong>quarn</strong></span> <span class='ocrx_word' id='word_1_472' title='bbox 1235 3819 1336 3871; x_wconf 86' lang='lat' dir='ltr'><strong>breuior</strong></span> 
     </span>
     <span class='ocr_line' id='line_1_42' title="bbox 105 3898 1336 3971; baseline -0.002 -13"><span class='ocrx_word' id='word_1_473' title='bbox 105 3902 399 3958; x_wconf 83' lang='lat' dir='ltr'><strong>accommodauideretur</strong></span> <span class='ocrx_word' id='word_1_474' title='bbox 404 3904 435 3954; x_wconf 86' lang='lat' dir='ltr'><strong>ed</strong></span> <span class='ocrx_word' id='word_1_475' title='bbox 443 3921 514 3955; x_wconf 89' lang='lat' dir='ltr'><strong>usum</strong></span> <span class='ocrx_word' id='word_1_476' title='bbox 523 3900 730 3953; x_wconf 85' lang='lat' dir='ltr'><strong>substantinalem</strong></span> <span class='ocrx_word' id='word_1_477' title='bbox 737 3899 800 3965; x_wconf 81' lang='lat' dir='ltr'><strong>(up.</strong></span> <span class='ocrx_word' id='word_1_478' title='bbox 806 3898 855 3951; x_wconf 80' lang='lat'><strong>37*</strong></span> <span class='ocrx_word' id='word_1_479' title='bbox 860 3907 932 3966; x_wconf 80' lang='lat' dir='ltr'><strong>not),</strong></span> <span class='ocrx_word' id='word_1_480' title='bbox 939 3903 1091 3954; x_wconf 89' lang='lat' dir='ltr'><strong>recentiores</strong></span> <span class='ocrx_word' id='word_1_481' title='bbox 1096 3911 1192 3954; x_wconf 86' lang='lat' dir='ltr'><strong>tantem</strong></span> <span class='ocrx_word' id='word_1_482' title='bbox 1197 3920 1246 3955; x_wconf 93' lang='lat' dir='ltr'><strong>non</strong></span> <span class='ocrx_word' id='word_1_483' title='bbox 1256 3921 1336 3971; x_wconf 78' lang='lat' dir='ltr'><strong>aeque</strong></span> 
     </span>
     <span class='ocr_line' id='line_1_43' title="bbox 105 3985 1336 4057; baseline -0.002 -15"><span class='ocrx_word' id='word_1_484' title='bbox 105 3992 252 4057; x_wconf 78' lang='lat' dir='ltr'><strong>frequenter</strong></span> <span class='ocrx_word' id='word_1_485' title='bbox 269 3990 344 4041; x_wconf 88' lang='lat' dir='ltr'><strong>etiam</strong></span> <span class='ocrx_word' id='word_1_486' title='bbox 363 3989 442 4038; x_wconf 84' lang='lat' dir='ltr'><strong>-nlis</strong></span> <span class='ocrx_word' id='word_1_487' title='bbox 462 3987 567 4055; x_wconf 88' lang='lat' dir='ltr'><strong>(-aris)</strong></span> <span class='ocrx_word' id='word_1_488' title='bbox 585 3986 668 4036; x_wconf 86' lang='lat' dir='ltr'><strong>finitas</strong></span> <span class='ocrx_word' id='word_1_489' title='bbox 692 3985 743 4036; x_wconf 92' lang='lat' dir='ltr'><strong>nel</strong></span> <span class='ocrx_word' id='word_1_490' title='bbox 765 3986 956 4038; x_wconf 81' lang='lat' dir='ltr'><strong>masculinae</strong></span> <span class='ocrx_word' id='word_1_491' title='bbox 979 3989 1193 4039; x_wconf 88' lang='lat' dir='ltr'><strong>substentinorum</strong></span> <span class='ocrx_word' id='word_1_492' title='bbox 1211 3997 1336 4054; x_wconf 88' lang='lat' dir='ltr'><strong>potestate</strong></span> 
     </span>
     <span class='ocr_line' id='line_1_44' title="bbox 103 4069 1334 4140; baseline 0 -14"><span class='ocrx_word' id='word_1_493' title='bbox 103 4077 211 4138; x_wconf 77' lang='lat' dir='ltr'><strong>fndnere</strong></span> <span class='ocrx_word' id='word_1_494' title='bbox 230 4083 402 4133; x_wconf 81' lang='lat' dir='ltr'><strong>assueuerent,</strong></span> <span class='ocrx_word' id='word_1_495' title='bbox 421 4074 456 4124; x_wconf 89' lang='lat' dir='ltr'><strong>ita</strong></span> <span class='ocrx_word' id='word_1_496' title='bbox 474 4072 604 4140; x_wconf 83' lang='lat' dir='ltr'><strong>speciatim</strong></span> <span class='ocrx_word' id='word_1_497' title='bbox 622 4079 650 4122; x_wconf 89' lang='lat' dir='ltr'><strong>nt</strong></span> <span class='ocrx_word' id='word_1_498' title='bbox 667 4071 782 4121; x_wconf 86' lang='lat' dir='ltr'><strong>homines</strong></span> <span class='ocrx_word' id='word_1_499' title='bbox 800 4069 909 4122; x_wconf 80' lang='lat' dir='ltr'><strong>cilicium</strong></span> <span class='ocrx_word' id='word_1_500' title='bbox 927 4072 1027 4138; x_wconf 87' lang='lat' dir='ltr'><strong>aliquod</strong></span> <span class='ocrx_word' id='word_1_501' title='bbox 1040 4073 1243 4124; x_wconf 82' lang='lat' dir='ltr'><strong>administrantes</strong></span> <span class='ocrx_word' id='word_1_502' title='bbox 1255 4074 1334 4140; x_wconf 79' lang='lat' dir='ltr'><strong>signi-</strong></span> 
     </span>
     <span class='ocr_line' id='line_1_45' title="bbox 106 4156 1335 4227; baseline -0.002 -13"><span class='ocrx_word' id='word_1_503' title='bbox 106 4164 249 4214; x_wconf 86' lang='lat' dir='ltr'><strong>ficarentur.</strong></span> <span class='ocrx_word' id='word_1_504' title='bbox 280 4160 351 4221; x_wconf 77' lang='lat' dir='ltr'><strong>Quod</strong></span> <span class='ocrx_word' id='word_1_505' title='bbox 371 4178 450 4227; x_wconf 79' lang='lat' dir='ltr'><strong>genus</strong></span> <span class='ocrx_word' id='word_1_506' title='bbox 469 4169 526 4210; x_wconf 88' lang='lat' dir='ltr'><strong>sunt</strong></span> <span class='ocrx_word' id='word_1_507' title='bbox 543 4157 688 4226; x_wconf 85' lang='lat' dir='ltr'><strong>decurialis,</strong></span> <span class='ocrx_word' id='word_1_508' title='bbox 707 4156 884 4219; x_wconf 87' lang='lat' dir='ltr'><strong>ministerialis,</strong></span> <span class='ocrx_word' id='word_1_509' title='bbox 903 4156 1156 4224; x_wconf 87' lang='lat' dir='ltr'><strong>quinquennalis,</strong></span> <span class='ocrx_word' id='word_1_510' title='bbox 1175 4159 1335 4227; x_wconf 84' lang='lat' dir='ltr'><strong>responsalis,</strong></span> 
     </span>
     <span class='ocr_line' id='line_1_46' title="bbox 106 4241 1334 4311; baseline -0.002 -12"><span class='ocrx_word' id='word_1_511' title='bbox 106 4247 236 4306; x_wconf 87' lang='lat' dir='ltr'><strong>scholaris,</strong></span> <span class='ocrx_word' id='word_1_512' title='bbox 254 4245 437 4305; x_wconf 86' lang='lat' dir='ltr'><strong>testimonialis,</strong></span> <span class='ocrx_word' id='word_1_513' title='bbox 455 4246 520 4311; x_wconf 89' lang='lat' dir='ltr'><strong>apud</strong></span> <span class='ocrx_word' id='word_1_514' title='bbox 534 4250 631 4294; x_wconf 87' lang='lat' dir='ltr'><strong>nestros</strong></span> <span class='ocrx_word' id='word_1_515' title='bbox 650 4259 715 4294; x_wconf 91' lang='lat' dir='ltr'><strong>noue</strong></span> <span class='ocrx_word' id='word_1_516' title='bbox 733 4241 976 4301; x_wconf 73' lang='lat' dir='ltr'><strong>admissionalis</strong></span> <span class='ocrx_word' id='word_1_517' title='bbox 995 4242 1165 4303; x_wconf 78' lang='lat' dir='ltr'><strong>censualis,</strong></span> <span class='ocrx_word' id='word_1_518' title='bbox 1184 4243 1334 4309; x_wconf 76' lang='lat' dir='ltr'><strong>largitio-</strong></span> 
     </span>
     <span class='ocr_line' id='line_1_47' title="bbox 107 4327 1335 4394; baseline -0.002 -11"><span class='ocrx_word' id='word_1_519' title='bbox 107 4333 201 4388; x_wconf 85' lang='lat' dir='ltr'><strong>nalis.</strong></span> <span class='ocrx_word' id='word_1_520' title='bbox 220 4330 392 4388; x_wconf 80' lang='lat' dir='ltr'><strong>officialis,</strong></span> <span class='ocrx_word' id='word_1_521' title='bbox 411 4328 589 4382; x_wconf 82' lang='lat' dir='ltr'><strong>rationalis.</strong></span> <span class='ocrx_word' id='word_1_522' title='bbox 610 4355 640 4365; x_wconf 86' lang='lat'>-</span> <span class='ocrx_word' id='word_1_523' title='bbox 659 4327 782 4378; x_wconf 82' lang='lat' dir='ltr'><strong>Abusioni</strong></span> <span class='ocrx_word' id='word_1_524' title='bbox 800 4327 919 4380; x_wconf 87' lang='lat' dir='ltr'><strong>uidentur</strong></span> <span class='ocrx_word' id='word_1_525' title='bbox 936 4328 1079 4392; x_wconf 87' lang='lat' dir='ltr'><strong>indulsisse,</strong></span> <span class='ocrx_word' id='word_1_526' title='bbox 1099 4329 1120 4379; x_wconf 88' lang='lat' dir='ltr'><strong>si</strong></span> <span class='ocrx_word' id='word_1_527' title='bbox 1139 4328 1181 4394; x_wconf 90' lang='lat' dir='ltr'><strong>qni</strong></span> <span class='ocrx_word' id='word_1_528' title='bbox 1200 4329 1292 4382; x_wconf 84' lang='lat' dir='ltr'><strong>formas</strong></span> <span class='ocrx_word' id='word_1_529' title='bbox 1311 4332 1335 4381; x_wconf 90' lang='lat' dir='ltr'><strong>in</strong></span> 
     </span>
    </p>
   </div>
   <div class='ocr_carea' id='block_1_5' title="bbox 1115 4451 1132 4501">
    <p class='ocr_par' dir='ltr' id='par_1_5' title="bbox 1115 4451 1132 4501">
     <span class='ocr_line' id='line_1_48' title="bbox 1115 4451 1132 4501; baseline 0 0"><span class='ocrx_word' id='word_1_530' title='bbox 1115 4451 1132 4501; x_wconf 79' lang='grc' dir='ltr'><strong>ὅ</strong></span> 
     </span>
    </p>
   </div>
   <div class='ocr_carea' id='block_1_6' title="bbox 0 0 1450 4852">
    <p class='ocr_par' dir='ltr' id='par_1_6' title="bbox 0 0 1450 4852">
     <span class='ocr_line' id='line_1_49' title="bbox 0 0 1450 4852; baseline 0 0"><span class='ocrx_word' id='word_1_531' title='bbox 0 0 1450 4852; x_wconf 95' lang='lat' dir='ltr'><strong> </strong></span> 
     </span>
    </p>
   </div>
  </div>
 </body>
</html>
