2872 4852
606 289 886 366 -26*-·-

136 495 328 592 onustas45,
358 495 571 588 1011011046,
601 496 815 590 scelestas47,
844 499 915 573 fors
943 507 977 571 et
1003 496 1117 593 111.)*)

135 716 179 782 45)
198 715 242 783 Sp.
260 717 331 769 Pesc.
352 716 392 776 11,
411 715 453 768 2..
474 744 505 752 -
523 715 566 780 46)
588 715 618 766 V.
638 716 713 769 Fiam.
732 717 757 775 4,
776 718 799 769 2.
819 747 851 754 -
873 717 916 781 47)
936 718 964 769 Ο.
983 719 1040 770 Ant.
1059 717 1106 770 Ph.
1127 717 1164 778 16,
1184 719 1208 769 1.
1240 716 1313 778 Quod
1332 715 1364 766 ad

135 819 214 868 genas
236 802 331 867 figurae
353 801 480 867 pertinent
501 801 577 851 etiam
599 810 696 852 acetum
714 801 766 868 (Tr.
785 801 823 855 cl.
844 803 883 863 14,
901 803 955 866 3..)
977 813 1004 854 et
1025 802 1182 854 snbstantias
1201 802 1365 885 περιεχτιχά

138 886 220 953 [Voss.
242 887 274 937 de
297 887 362 939 anal.
385 884 421 946 ll,
445 886 487 945 30,
510 905 534 952 p.
553 887 613 952 824)
638 887 662 937 in
680 895 791 948 -etum,
814 900 909 948 -tam,
932 896 960 938 at
979 888 1079 948 oletum,
1104 889 1221 948 uiretam,
1240 887 1364 949 fanetum,

138 971 289 1033 sabaletam‚
308 980 445 1022 rosetum..
465 970 524 1034 (rec.
543 972 696 1032 carduetum,
716 972 857 1039 eitretum),
877 1003 907 1010 -
928 975 1081 1034 arboretam,
1099 974 1237 1032 arbustum,
1258 1002 1289 1011 -
1309 972 1363 1023 fra-

137 1056 249 1116 ticetum,
266 1057 440 1116 frutectum,
459 1084 492 1093 -
511 1056 665 1117 salictum..,
683 1059 829 1125 uirgultam.

240 1139 263 1208 ²¹¹)
299 1141 433 1192 Adiectiua
462 1141 612 1208 participiali
637 1143 718 1194 forma
744 1144 769 1193 in
797 1153 893 1203 -110,
920 1145 1051 1195 maximam
1079 1152 1174 1210 partem
1202 1144 1228 1194 in
1255 1153 1366 1194 -ataa

138 1227 258 1279 inclinata
276 1245 292 1278 a
308 1228 459 1290 nominibus,
472 1234 597 1293 potestate
616 1244 654 1288 ea,
673 1236 704 1278 at
722 1245 778 1294 quo
797 1229 867 1294 quid
887 1230 1072 1280 instructam
1090 1230 1133 1280 sit
1149 1229 1301 1296 significent,
1320 1245 1368 1297 per

111 1334 113 1341 ⁴
139 1313 221 1364 omnia
243 1313 375 1363 latinitatis
398 1321 512 1380 tempora
532 1312 693 1378 frequentata
714 1315 797 1374 luere,
824 1314 950 1379 multaque
974 1316 1115 1366 huiusmodi
1138 1333 1153 1366 a
1174 1314 1366 1376 recentioribus,

139 1408 300 1450 accesserunt
322 1399 410 1449 lexicis
432 1415 511 1456 noua,
539 1397 634 1448 ratione
661 1407 744 1448 tamen
767 1399 870 1450 ficturae
892 1400 1012 1466 pleraque
1035 1402 1066 1450 ab
1090 1399 1273 1465 antiquioribus
1297 1399 1363 1450 haud

138 1486 248 1544 diuersa,
266 1484 359 1536 aelati:
377 1492 508 1535 manuatus
525 1483 560 1535 M.
574 1483 644 1549 Cap,
663 1485 804 1549 ungulatus,
823 1485 916 1535 cassita
934 1484 1009 1544 Gall,
1029 1484 1122 1536 fellitos
1140 1485 1213 1549 (1011.
1231 1486 1365 1550 capitatus,

139 1572 259 1639 digitatas
276 1571 352 1630 Plin,
371 1579 496 1629 cornutus,
515 1577 626 1631 assutus,
644 1570 759 1636 auritus),
775 1599 804 1606 -
824 1569 971 1620 amiculatus
990 1570 1075 1629 Solia,
1095 1578 1276 1637 campestratus
1291 1571 1367 1637 Aug,

139 1657 324 1723 impnrparatas
342 1656 440 1710 Charis.
458 1657 530 1706 acatis
549 1656 569 1716 (i
587 1673 699 1722 purpura
717 1658 865 1722 praetexta),
889 1656 1058 1722 pigmentatae
1082 1657 1153 1720 (uett.
1173 1655 1308 1715 tunicatus,
1327 1655 1366 1706 ia·

139 1743 263 1805 dusiatus,
286 1750 451 1808 purpuratus,
475 1741 614 1792 fimbriatus
634 1771 664 1779 —
684 1742 714 1794 cf.
735 1742 819 1802 Quint.
840 1741 916 1801 Vlll,
938 1744 966 1802 3,
989 1741 1022 1790 32
1043 1769 1085 1800 —,
1109 1742 1249 1806 picturatus
1267 1740 1367 1808 00011),

141 1855 172 1864 -
191 1835 304 1878 cantatas
323 1827 385 1892 Veg.
410 1846 429 1878 r.
449 1844 481 1876 m.
500 1826 544 1885 Ill,
565 1826 597 1876 16
615 1825 648 1878 in.
667 1826 713 1886 11,
737 1834 867 1892 gaesatas,
892 1835 1003 1876 muratas
1022 1826 1087 1892 Veg.
1106 1843 1126 1878 r.
1145 1843 1192 1885 m.,
1217 1825 1367 1876 tibicinatus

140 1912 262 1968 sch.1aa.
279 1914 351 1977 (uett.
365 1913 487 1972 hastatas,
506 1912 677 1977 parmatus..),
698 1940 727 1947 -
747 1911 874 1977 peditatus
890 1911 957 1977 Hyg.
971 1911 1015 1962 Gr.
1034 1911 1126 1971 cohors,
1145 1913 1270 1961 saturatus
1286 1910 1367 1971 Tem,
1387 1970 1389 1973 ¹

139 2000 273 2060 laculatus,
300 2000 461 2050 cantharatus
485 1998 510 2064 (i.
534 1998 660 2048 cantharis
683 1998 754 2064 pictis
778 1996 933 2063 distinctas),
961 1997 1082 2063 strigatas
1107 1996 1141 2063 (a.
1161 1997 1261 2063 uirgata
1278 1997 1367 2058 uestis,

138 2086 265 2153 uirgulata
277 2085 414 2148 concha..),
430 2112 460 2120 --
479 2084 626 2146 caminatas,
645 2083 819 2149 liquaminatas
833 2083 912 2148 Apio,
931 2093 1041 2133 meratus
1054 2083 1081 2133 C.
1096 2084 1156 2135 Aur.
1170 2083 1215 2142 lv,
1235 2084 1258 2142 l,
1279 2082 1321 2144 17,
1334 2084 1364 2144 V,

138 2171 163 2235 7,
184 2171 231 2222 109
247 2181 318 2236 potas
340 2171 381 2229 al,
404 2168 523 2220 uiolatum
547 2168 580 2234 (a.
603 2170 710 2228 tabutas,
733 2168 951 2236 laserpitiatus..l,
971 2195 1003 2204 -
1025 2177 1139 2218 sensatas
1161 2167 1237 2219 Firm.
1261 2185 1305 2228 m,
1330 2169 1366 2219 in·

139 2266 254 2309 sensatus
268 2258 337 2308 Text.
357 2255 408 2314 all,
427 2255 565 2322 pudoratus
576 2255 659 2320 Valg,
678 2255 850 2320 disciplinatas
863 2255 931 2307 Tert.
945 2255 996 2313 all,
1015 2253 1213 2319 indisciplinatus
1226 2254 1303 2320 cypr.
1316 2253 1366 2316 all,

138 2343 278 2395 ininitiatus
297 2342 333 2392 cl.
348 2332 422 2392 Mani.
441 2341 465 2392 h.
484 2359 505 2392 e.
524 2341 595 2391 initio
613 2358 710 2404 carens,
729 2341 930 2406 proportionatae
948 2340 1024 2391 Firm.
1037 2357 1069 2391 rn.
1088 2357 1173 2404 corpas
1191 2342 1227 2404 (u.
1248 2339 1364 2400 famatus,

140 2427 324 2496 ingeniatus..)‚
344 2454 374 2463 —
394 2426 537 2486 absidatus,
555 2435 701 2494 tropaeatas
719 2427 812 2486 Amm„
836 2427 957 2478 toxicatus
976 2424 1009 2491 (1.
1031 2425 1201 2484 diadematus,
1225 2426 1364 2487 echinatus,

140 2513 300 2564 lemniscatas
320 2510 384 2571 Cia,
406 2511 552 2578 phaleratus
570 2511 672 2575 101...)
708 2511 797 2576 Neque
816 2511 863 2561 boc
881 2510 1025 2560 abusionem
1044 2527 1101 2560 esse
1119 2510 1225 2570 dixeris,
1249 2511 1271 2562 si
1295 2529 1364 2578 qaae,

139 2616 187 2665 quo
206 2598 264 2663 qaid
284 2597 432 2648 instructum
450 2597 491 2647 uel
510 2597 627 2647 infectam
646 2614 694 2662 non
712 2597 813 2662 quidem
831 2613 858 2646 re
878 2614 937 2646 aera
954 2596 995 2658 sit,
1013 2596 1058 2645 sed
1071 2612 1130 2648 esse
1142 2595 1267 2656 uideatur,
1287 2597 1363 2663 signi-

139 2683 223 2742 ficant,
241 2683 266 2734 h.
285 2699 307 2734 e.
327 2681 566 2733 similitudinem
584 2682 707 2747 quandam
725 2680 767 2732 uel
784 2680 919 2747 qualitatis,
939 2691 967 2731 ut
984 2688 1103 2748 pecuatus
1121 2681 1194 2748 Fulg.
1213 2680 1248 2748 (q.
1267 2683 1362 2734 bestia·

139 2767 189 2835 lis),
207 2768 312 2834 ignitam
330 2768 416 2818 uinum
435 2767 510 2829 Gall,
529 2768 655 2835 ingenium
673 2767 759 2828 Prud,
779 2797 810 2804 -
830 2767 869 2817 acl
889 2767 991 2828 formae,
1010 2778 1037 2816 ut
1054 2776 1203 2833 gemmatus,
1222 2776 1364 2820 scamnatus

140 2853 238 2910 Graan,
259 2881 290 2889 —
314 2853 354 2902 uel
376 2852 479 2912 eoloris,
501 2861 529 2902 at
550 2853 698 2903 mustelatus
720 2852 809 2919 peplus
832 2852 911 2918 App,
930 2880 961 2888 -
985 2852 1193 2918 quemadmodum
1215 2852 1284 2903 haud
1308 2870 1364 2905 raro

140 2937 215 2988 etiam
233 2937 376 3003 superiores
394 2946 482 2988 aurata
500 2947 622 3004 tempora,
640 2955 739 3004 gemma
756 2937 850 2987 auratis
870 2938 956 3003 guttis,
975 2937 1081 2989 falcatus
1099 2938 1175 2997 ensis,
1194 2937 1283 2997 cauda,
1302 2936 1363 2988 mel·

139 3024 185 3074 lita
207 3023 302 3088 puella,
327 3022 423 3073 orbitas
445 3023 469 3074 h.
488 3041 513 3090 g.
532 3023 573 3074 all.
597 3024 713 3074 dixerant
735 3024 759 3087 (e
783 3022 847 3074 Plin.
875 3022 900 3072 h.
923 3031 973 3075 nat.
997 3023 1111 3090 exempla
1128 3023 1294 3073 Wannowski
1311 3021 1364 3073 Pli-

140 3109 225 3167 niana,
249 3107 307 3159 Pos.
331 3106 410 3168 1847,
432 3125 458 3174 p.
483 3109 514 3158 14
536 3109 593 3174 sq).
630 3108 758 3169 Quaedam
780 3123 840 3157 sane
863 3107 929 3173 apml
953 3108 1105 3158 recentiores
1128 3106 1312 3174 significatione
1334 3108 1364 3158 ab

140 3194 191 3244 illis
209 3194 364 3259 discrepant,
382 3202 410 3243 at
427 3202 553 3244 centratus
571 3194 679 3243 circulus
697 3192 769 3258 Fulg.
788 3192 823 3258 (b.
842 3209 863 3244 e.
883 3193 988 3254 medias,
1006 3194 1093 3244 circuli
1111 3196 1243 3257 centrum),
1263 3193 1363 3245 dextra·

141 3288 188 3341 tus,
198 3278 350 3338 sinistratus,
360 3277 472 3337 citratos,
485 3278 591 3328 ultratus
601 3278 696 3338 Grom,
709 3295 774 3344 quae
784 3278 854 3328 malit
863 3277 953 3344 aliquis
964 3279 1062 3331 illorum
1072 3279 1253 3331 adiectiuorum
1263 3295 1365 3330 numero

141 3380 276 3430 excerpere
289 3380 318 3414 ac
330 3380 375 3430 pro
388 3379 448 3413 aere
462 3363 608 3430 participiis,
621 3363 752 3415 defectiuis
767 3365 895 3424 duntaxat,
914 3365 1015 3417 habore.
1043 3363 1139 3429 Nempe
1152 3381 1213 3414 aera
1225 3364 1364 3432 participia,

141 3448 254 3515 quamuis
273 3449 362 3499 ceteris
381 3449 453 3499 uerbi
470 3447 556 3500 formis
574 3447 682 3509 delecta,
706 3458 763 3500 sunt
781 3466 802 3500 e.
821 3466 841 3501 c.
860 3457 1031 3501 concrustatas
1050 3453 1131 3501 Amm.
1149 3449 1296 3515 (01101110),
1319 3448 1363 3499 de-

141 3533 281 3584 ceruicatus
298 3533 351 3587 Sid.
371 3532 412 3599 (ei.
430 3533 573 3598 decollare),
592 3533 754 3600 degradatus,
773 3543 907 3602 egranatus
920 3535 959 3586 Pl.
973 3534 1059 3588 Valer.
1078 3534 1119 3602 (cf.
1138 3535 1280 3595 enucleare,
1299 3552 1364 3586 ema·

142 3618 237 3679 culare3
258 3648 288 3656 -
314 3628 341 3669 et
359 3619 440 3672 Plaut.
460 3619 608 3685 expalliatas
627 3619 676 3678 all,
695 3619 759 3670 Plin.
778 3621 974 3685 exalburnatus),
994 3620 1113 3672 tutelatus
1132 3620 1218 3674 Grorn.
1238 3620 1280 3687 (cl.
1300 3629 1364 3673 tute·

141 3704 219 3770 lator)
242 3706 265 3758 b.
289 3722 314 3770 g.
336 3705 378 3758 all.
417 3705 476 3756 Alia
498 3723 595 3765 rursus,
623 3705 736 3771 quamuis
760 3707 948 3773 significationis
970 3708 1067 3759 ratione
1089 3726 1143 3759 cum
1166 3707 1296 3760 adiectiais
1317 3707 1365 3759 illis

143 3790 346 3858 participialibus
364 3791 418 3842 lere
438 3800 583 3855 congruant,
602 3798 684 3841 tamen
703 3791 834 3857 participia
852 3801 909 3842 sunt
927 3792 974 3844 rite
993 3811 1008 3844 a
1025 3792 1110 3844 aerbis
1128 3792 1266 3857 declinata3
1285 3792 1366 3859 qualia

144 3883 210 3939 suat,
230 3885 257 3927 at
276 3877 391 3943 exempla
409 3893 498 3942 ponam
517 3875 576 3927 olim
594 3877 694 3942 quidem
713 3877 812 3937 usitata,
830 3878 875 3928 sed
893 3879 960 3944 apud
978 3889 1076 3931 nostros
1090 3897 1189 3945 qaoque
1202 3880 1284 3940 obuia,
1303 3878 1364 3930 cal·

142 3971 251 4014 0001110
274 3964 302 4016 L.
327 3963 368 4014 ΑΙ.
392 3963 438 4021 5⁸2,
461 3962 503 4013 3..
528 3961 677 4027 (calceabat,
702 3962 845 4013 calceantur
867 3964 937 4030 ete),
960 3973 1122 4016 catenatus
1145 3966 1175 4018 V.
1199 3966 1270 4018 Cass.
1292 3967 1321 4025 4,
1343 3965 1366 4024 4,

142 4045 342 4099 centuriatus
362 4047 391 4096 C.
410 4046 539 4099 Maximis.
558 4048 584 4106 4,
602 4048 619 4097 4
636 4047 730 4098 ordines
748 4047 815 4098 ducit
833 4050 974 4100 centuriatos
993 4049 1036 4116 (=
1048 4059 1217 4109 centenorum,
1236 4050 1261 4100 b.
1280 4067 1301 4102 e.
1320 4048 1366 4099 fuit

143 4134 254 4184 centurio
272 4151 291 4184 s.
311 4131 478 4191 centenarias,
503 4132 533 4184 cf.
553 4133 616 4199 Veg.
635 4151 655 4185 r.
674 4152 706 4183 m.
723 4131 761 4194 Il,
784 4133 836 4196 13),
854 4133 1032 4185 fortunatus
1052 4135 1083 4186 V.
1103 4136 1164 4187 1111.
1182 4135 1223 4198 50,
1241 4136 1282 4188 5..
1289 4171 1297 4195 ,
1318 4134 1364 4185 lu·

143 4227 230 4270 catus
248 4218 276 4272 1..
296 4219 389 4270 Comm.
411 4217 450 4277 17,
468 4217 493 4276 3,
512 4219 657 4270 miniatas
676 4219 703 4270 Ο.
722 4219 799 4269 Gord.
816 4219 841 4279 3,
859 4218 883 4270 7.
911 4220 1020 4270 Ilcontra
1036 4219 1092 4282 alia,
1110 4228 1139 4270 ut
1156 4229 1297 4279 aeratus,
1316 4237 1363 4270 ar·

143 4292 305 4367 gestatas,
327 4313 468 4362 auratas,
492 4303 639 4363 crinitus,
662 4304 722 4354 licet
743 4312 770 4354 et
787 4304 851 4354 aliae
871 4304 909 4354 bis
927 4304 1048 4369 quaedam
1066 4302 1160 4355 formae
1179 4306 1296 4357 aerbales
1314 4303 1364 4354 siue

144 4408 158 4438 a
176 4391 346 4457 grammaticis
365 4389 517 4454 affinguntur
535 4387 623 4453 (Prisc.
643 4386 718 4448 Vlll,
739 4389 778 4448 14,
796 4387 844 4454 79)
860 4389 914 4439 0111
932 4409 946 4440 a
965 4390 1127 4455 scriptoribus
1145 4391 1292 4457 quandoque
1311 4399 1363 4440 tea·
