2872 4852
119 499 146 567 7)
181 498 210 551 Is.
232 496 333 564 Heliog.
355 496 374 547 3
394 510 447 549 en:
473 504 499 547 ut
520 494 619 545 omniun
640 492 785 545 eultttrarun
811 502 953 549 sacratum
970 492 1129 559 Heliapabali
1149 495 1305 547 sacerdotium

191 591 277 634 immi
293 610 326 619 -

122 672 149 735 8)
184 669 213 721 Iu.
230 668 303 720 Alex.
320 667 362 727 35,
382 666 402 733 '6
419 665 460 733 (el.
482 666 523 725 36,
545 666 585 731 3):
612 681 679 729 quem
702 664 847 728 (nortuum)
871 682 921 713 cnm
937 664 1090 728 familiarem
1112 667 1240 727 habuisset,
1262 669 1303 719 illa

186 754 264 805 emnia
279 752 421 819 [umis
440 748 495 822 [uel
506 746 638 819 Jinqerula]
657 749 693 799 sie
709 748 856 810 uendulernt,
878 759 904 799 ut
925 750 1062 801 Alexandri
1080 753 1154 816 quasi
1174 754 1244 805 stulti
1263 756 1304 807 ba-

187 841 256 891 minis
269 876 276 894 .
289 876 296 892 .
310 840 438 904 infamaret
455 838 576 901 imperium
599 864 632 873 -

124 926 152 991 1))
187 926 220 978 ib.
238 925 280 985 43,
298 925 326 974 2:
352 923 459 974 eonsules
480 940 627 987 quoscunque
644 920 683 972 uel
699 920 835 971 ordinaries
847 922 886 973 nel
896 926 1008 987 suffectos
1021 922 1150 997 [creauit]
1163 945 1193 978 er
1208 939 1306 981 senatus

191 1010 306 1061 sententia
323 1008 460 1070 nominauit,
473 1045 479 1060 .
494 1046 499 1058 .
513 1016 536 1057 et
552 1007 658 1057 numlina
674 1008 749 1057 ueteri
764 1025 795 1057 eu
811 1008 892 1059 ardiru
911 1010 1018 1061 instituit.
1043 1040 1072 1050 -

109 1096 150 1162 10)
184 1097 217 1147 ib.
235 1096 277 1157 43,
295 1095 323 1145 6:
352 1093 396 1143 sed
409 1102 466 1158 past
482 1093 548 1143 iussu
566 1093 716 1159 imperatoris
733 1094 823 1144 occisus
841 1104 884 1154 est,
906 1095 1043 1159 artando
1066 1107 1090 1148 et
1109 1098 1150 1148 ille
1173 1095 1302 1168 [militarit

187 1191 249 1231 esset
266 1179 303 1250 et]
322 1199 339 1231 a
356 1179 471 1229 militibus
489 1179 580 1229 acubus
599 1188 661 1229 esset
678 1206 710 1216 -

108 1267 152 1329 ll)
188 1266 294 1333 Capitol.
313 1265 418 1317 Macrin.
436 1264 461 1325 b,
479 1264 508 1316 7:
536 1264 571 1314 aei
587 1263 784 1320 deleniendum
801 1264 901 1315 militurn
918 1275 1002 1316 tnonun
1020 1294 1052 1305 -

108 1351 150 1417 12)
184 1351 294 1404 Trebell.
313 1350 419 1400 Gallien.
441 1350 480 1410 19,
501 1352 527 1401 1:
556 1349 606 1400 Hic
624 1348 733 1400 Gallieni
740 1349 812 1414 filius
821 1351 882 1414 suit,
896 1390 900 1401 .
915 1391 921 1405 .
934 1350 963 1400 cle
981 1370 1026 1417 qua
1044 1352 1173 1417 quidem
1190 1354 1252 1405 nibil
1267 1366 1303 1407 est

187 1436 251 1502 quod
267 1435 361 1501 ilianum
378 1434 403 1485 in
422 1434 505 1486 literas
522 1435 629 1485 mittatur
647 1461 682 1472 -

105 1520 147 1587 13)
182 1520 221 1575 Id.
243 1518 327 1580 XXX,
349 1518 379 1579 5,
405 1518 431 1570 l:
461 1518 541 1571 Huius
562 1520 689 1571 rebellione
710 1521 735 1571 in
758 1518 844 1571 Gallia
861 1556 890 1574 ..
918 1521 1060 1573 Postbumus
1081 1523 1231 1590 interemptus
1253 1537 1300 1588 eet,

189 1624 239 1656 cum
256 1606 305 1656 iam
322 1614 417 1655 nutante
436 1604 583 1662 Gallia
601 1605 710 1658 Gallieni
726 1605 822 1656 luxuria
839 1607 864 1657 in
881 1617 979 1657 ueterem
1001 1616 1088 1659 statum
1105 1607 1237 1661 Romanurn
1246 1613 1305 1675 far·

188 1701 278 1742 masset
293 1691 416 1757 imperium
433 1718 467 1729 -

108 1776 150 1845 14)
184 1776 218 1829 ib.
236 1777 278 1837 30,
298 1778 342 1831 11:
361 1778 403 1843 qui
419 1793 471 1826 eam
488 1774 618 1843 (Claudius
635 1776 782 1840 Zenobiam)
800 1794 892 1842 passus
913 1794 964 1826 esse
986 1776 1072 1828 dieitur
1094 1779 1217 1844 imperare,
1236 1782 1307 1847 itique

187 1862 330 1918 commite
347 1880 377 1912 aa
389 1860 528 1928 prudenter,
547 1873 573 1913 ut
589 1862 635 1913 illa
652 1870 762 1914 iuuante
785 1862 908 1912 orientalis
922 1863 989 1925 fines
1011 1863 1106 1929 imperii
1126 1865 1178 1931 ipse
1199 1870 1305 1919 suarius

188 1966 251 2013 quae
268 1949 403 1999 instituerat
416 1958 569 2013 perpetraret
586 1976 620 1986 -

110 2031 152 2101 lb)
186 2034 250 2100 Vop.
274 2032 330 2086 Car.
360 2033 404 2094 13,
430 2034 459 2084 4:
488 2034 596 2098 quamuis
620 2034 736 2100 plurimas
759 2035 876 2101 plano
896 2035 990 2092 seiam
1013 2037 1173 2093 militares..
1192 2058 1311 2107 usurpare

188 2118 253 2169 dicta
265 2159 271 2171 .
285 2157 292 2171 .
302 2127 434 2183 poetarum.
