2872 4852
574 351 624 362 -
678 276 922 381 30-*4

103 513 237 606 -alis,
266 512 455 609 -uris*):
485 514 753 605 creabilem,
784 517 1108 606 udrolssiooult's,
1139 515 1327 607 acqualis¹,

103 654 323 725 Arabarualia
339 650 368 742 ².
410 647 612 742 †animal³,
655 653 834 745 annales⁴,
876 650 1097 745 brachialisss,
1134 653 1327 744 capitalist,

103 791 321 879 (enarrantis,
344 789 525 860 comitioliS
536 788 558 879 ⁷,
588 787 877 882 contubernaliSss,
906 792 1158 882 conuiualis,
1182 775 1329 862 dccco-

115 961 123 969 «
129 960 265 969 ..ι-κω...»
272 964 276 966 ,
294 960 349 968 --u-
355 960 410 968 aaa-

103 1062 174 1112 nibus
187 1081 332 1130 quocunque
345 1067 418 1116 ruodo
438 1067 527 1124 dubiis,
548 1078 575 1116 ut
593 1068 719 1132 rigorosus
731 1067 799 1127 Seu,
818 1069 957 1132 summotis)
977 1068 1096 1134 colligere
1108 1069 1246 1134 quingenta
1259 1074 1330 1118 octo·

101 1148 178 1212 ginta,
199 1179 226 1184 --
252 1168 354 1215 quorum
377 1153 484 1201 ducenta
506 1153 593 1217 uiginti
617 1152 883 1220 unun1(0.38p,0s,)
906 1154 1031 1204 recentior
1053 1154 1079 1218 (i.
1099 1170 1120 1203 e.
1139 1152 1330 1220 posthadriana)

102 1235 305 1300 suppeditatrcrat
325 1238 452 1289 Latinitas.
478 1238 605 1304 impendio
624 1239 697 1304 plura
715 1256 780 1290 nunc
797 1240 873 1304 uideo
891 1237 919 1291 M
925 1239 1002 1290 abne
1020 1238 1127 1289 MinceII.
1140 1237 1288 1290 Latinitatis
1305 1256 1329 1306 p.

102 1319 203 1369 rto-92
227 1339 297 1372 suum
320 1324 344 1371 in
368 1323 473 1372 indicem
497 1323 676 1373 adiectiuorum
699 1341 762 1389 quae
789 1324 905 1374 desinunt
929 1323 953 1374 in
977 1341 1068 1374 -oous
1091 1322 1238 1375 contulisse.
1281 1323 1329 1386 Qui

102 1422 156 1454 cum
176 1407 293 1457 nonnula
312 1407 403 1457 habeat
421 1426 435 1457 a
454 1426 492 1457 mc
511 1408 565 1458 siue
584 1409 696 1458 consulto
715 1410 769 1459 siue
787 1409 948 1476 negligenter
966 1409 1143 1475 praetermissa
1161 1409 1229 1475 (ipse
1243 1418 1326 1460 tameo

102 1519 151 1569 alia
170 1519 192 1569 io
212 1520 293 1569 toedio
312 1522 392 1586 posito
411 1521 540 1585 omiserit),
561 1539 614 1571 eum
635 1538 719 1571 omnes
739 1523 864 1572 uariantes
883 1521 974 1572 formas
994 1521 1068 1585 (adeo
1085 1537 1107 1571 e.
1121 1537 1142 1570 c.
1163 1503 1328 1583 rbbiginosus,

133 1614 142 1634 C

103 1651 217 1708 sucosusl
237 1649 348 1714 singulas
367 1651 494 1700 uocauerit
513 1651 536 1699 in
555 1667 670 1716 censum,
695 1650 860 1700 incertissima
878 1666 991 1717 quaeque
1009 1666 1038 1699 ac
1055 1665 1124 1699 mera
1143 1649 1253 1698 barbara
1271 1649 1328 1711 (ue-

103 1734 147 1783 luti
166 1734 369 1800 dubingeuiosua,
393 1736 564 1802 lactigulosus)
587 1736 726 1796 admiserit,
749 1753 836 1786 uerunt
855 1738 931 1786 etlam
949 1736 1056 1785 immane
1074 1752 1148 1800 quam
1166 1734 1246 1784 multa
1264 1750 1329 1783 noua

104 1836 132 1869 ac
151 1820 271 1870 rudlidum
291 1831 389 1887 regesta
407 1822 571 1887 undecunque
588 1823 733 1882 corroserit,
757 1822 862 1873 confecit
879 1821 904 1871 in
924 1837 1020 1871 summa
1038 1820 1199 1886 septingenta
1217 1819 1327 1884 quadra-

102 1907 172 1973 ginta
190 1917 304 1972 quatuor.
341 1908 395 1958 Hac
414 1919 496 1958 tauron
515 1925 545 1958 ex
564 1908 693 1958 affluentia
715 1907 827 1958 defectus
849 1924 917 1957 meos
937 1904 1072 1966 resarcire,
1096 1905 1117 1954 si
1141 1912 1258 1963 uacaret,
1281 1920 1328 1953 nou

103 1992 184 2056 potui,
208 1994 264 2057 quia
287 2011 335 2057 quo
354 1994 470 2059 qualique
490 2012 503 2042 o
522 1995 590 2044 sorite
609 2011 722 2058 quaeque
741 1993 854 2044 hauserit
871 1993 909 2042 uir
928 1993 1016 2042 doctus
1034 2009 1082 2041 non
1101 1989 1236 2053 indicauit,
1260 2008 1327 2042 eum-

103 2078 187 2128 matiur
198 2079 326 2143 praelatus
337 2080 368 2129 de
379 2080 533 2146 quibusdam,
544 2097 607 2145 quae
618 2079 762 2138 excusserit,
768 2077 1113 2145 glossar-iisbugduuensibus
1122 2076 1234 2128 nondum
1244 2077 1328 2127 editio.

205 2179 229 2244 ²³³)
267 2181 327 2232 Post
346 2183 419 2232 Pott
437 2183 520 2249 Etyrn.
539 2182 640 2232 l'oreclr.
660 2182 701 2232 ed.
724 2183 732 2231 1
754 2195 771 2230 t.
791 2181 814 2231 Il
833 2198 856 2246 p.
874 2180 976 2231 96-98
997 2195 1062 2230 nunc
1079 2180 1127 2229 iam
1146 2187 1246 2229 constat
1264 2180 1328 2230 inter

104 2266 252 2333 philologos,
272 2268 369 2334 iamque
382 2286 454 2319 nemo
467 2286 515 2319 non
528 2268 728 2334 artigraphorum
747 2267 882 2334 discipulos
900 2267 981 2327 docet,
1000 2265 1097 2314 -alis
1115 2271 1140 2314 et
1160 2265 1262 2316 -arIs
1280 2281 1327 2316 nou

103 2368 161 2401 esse
185 2352 246 2402 duas
269 2371 297 2402 ao
321 2354 433 2403 diuersas
457 2354 657 2411 terminationem
680 2352 725 2402 sed
749 2369 820 2402 unam
839 2353 1002 2417 caudemque,
1022 2379 1054 2386 —
1073 2367 1136 2416 quae
1155 2351 1180 2400 iu
1199 2349 1326 2417 plerisque

102 2444 140 2486 cst
160 2436 246 2499 -alis,
266 2438 318 2496 sed,
336 2440 433 2503 quotics
453 2440 462 2488 l
480 2447 644 2505 praeconante
663 2436 697 2504 (in
717 2437 813 2504 syllaba
827 2437 1004 2503 praecedente)
1024 2436 1033 2485 l
1049 2436 1234 2487 terminationis
1252 2437 1325 2508 dissi·

103 2521 202 2573 milatur
225 2524 248 2573 in
273 2542 296 2582 r,
320 2525 349 2574 fit
367 2525 458 2576 -aris
496 2526 577 2575 Verae
596 2523 754 2590 exceptiones
773 2531 843 2581 sunt,
868 2524 934 2589 quod
953 2523 1034 2574 Plaut.
1053 2523 1119 2575 Rud.
1141 2524 1189 2573 1:35
1210 2524 1327 2574 scribitur

103 2609 221 2666 ‘exteris’,
245 2626 298 2658 cum
323 2619 405 2660 tamen
427 2611 469 2660 alii
494 2611 627 2678 scriptores
651 2610 758 2660 habeant
780 2609 895 2669 ‘extulis',
915 2637 947 2645 —
970 2610 1085 2674 quodque
1110 2627 1152 2674 ap.
1176 2609 1246 2661 Coei.
1267 2611 1326 2660 Aur.

103 2692 223 2757 ‘paleolis'
242 2694 341 2761 legitur,
361 2711 414 2745 cum
434 2696 492 2746 alibi
513 2695 606 2746 rectius
625 2694 750 2762 ‘palearis'
768 2695 875 2762 legatur.
912 2695 994 2745 Etiam
1013 2694 1131 2745 remotior
1149 2713 1164 2744 a
1182 2695 1233 2746 fine
1251 2695 1260 2744 l
1278 2695 1325 2744 uim

103 2794 170 2826 suam
185 2779 395 2829 disairoilatoriam
408 2798 525 2831 exercerc
543 2788 626 2846 potest
639 2780 759 2845 soletque,
778 2790 805 2829 ut
818 2780 854 2830 iu:
874 2781 998 2845 palmaris,
1018 2781 1127 2839 doliaris,
1146 2780 1247 2840 alearis,
1266 2795 1324 2832 coe·

103 2861 196 2921 liboris,
216 2865 388 2931 disciplinaris,
403 2895 432 2905 -
454 2876 562 2917 attamen
582 2883 756 2931 nonnunquam
775 2865 873 2926 omittit,
892 2875 920 2916 ut
937 2867 974 2917 in:
993 2865 1113 2932 glacialis,
1133 2866 1251 2926 fluuialis,
1271 2866 1324 2932 plu·

101 2950 187 3009 uiulis,
224 2951 317 3010 letalis,
355 2953 499 3019 palatualis,
536 2953 663 3020 plumalis,
700 2951 803 3002 Latialis
840 2953 975 3013 (sedetiam
1006 2952 1140 3016 Latiaris),
1179 2953 1326 3018 praesertim

103 3036 273 3087 intercedente
301 3057 312 3088 r
343 3040 366 3088 iu
397 3039 544 3105 penultima,
576 3050 603 3087 ut
628 3039 663 3087 in:
695 3036 801 3094 floralis,
831 3036 956 3095 habrahe,
987 3037 1134 3103 sepulcralis
1163 3037 1205 3090 all.
1251 3039 1324 3091 Cete-

103 3138 156 3169 ruru
175 3123 239 3172 ratio
256 3123 298 3173 illa
316 3123 474 3188 aliquatenus
492 3125 567 3173 etiam
581 3123 612 3172 ad
626 3137 766 3187 congerere
779 3120 902 3171 adiectiua
920 3121 943 3170 in
965 3120 1038 3172 -Ilis
1056 3131 1082 3172 et
1101 3153 1117 3160 ν
1135 3122 1182 3173 elis
1201 3124 1326 3190 pertinere

102 3206 213 3258 uidetur:
238 3225 296 3256 sane
319 3226 355 3273 ap.
378 3209 496 3258 Catonem
521 3208 613 3273 legitur
637 3205 734 3263 moiile,
759 3215 784 3254 ot
807 3206 882 3272 uulgo
905 3206 1071 3271 loquebantur
1088 3207 1191 3265 Palilia,
1215 3209 1261 3259 sed
1283 3224 1326 3274 pro

103 3291 149 3341 hoe
166 3300 247 3341 tamen
266 3292 342 3357 aliqui
362 3310 409 3342 nou
428 3293 528 3356 quidem
547 3291 648 3349 Paliria,
671 3301 704 3350 at,
730 3308 775 3356 per
794 3291 953 3350 metathesin,
976 3292 1070 3342 Parilia
1088 3293 1183 3351 dixere,
1203 3303 1228 3344 et
1247 3313 1261 3345 a
1279 3293 1327 3344 falc

103 3376 248 3426 inclinatum
267 3386 305 3427 est
324 3377 407 3427 salarie
426 3378 515 3444 (fulcro
534 3377 633 3443 Varro).

208 3464 229 3528 1)
249 3464 277 3514 C.
297 3463 371 3513 Gord.
390 3464 431 3524 30,
450 3463 491 3515 4..
512 3491 542 3498 -
561 3464 587 3519 21
606 3463 636 3515 V.
656 3465 715 3513 Aur.
734 3463 776 3522 20,
795 3463 820 3513 3.
839 3492 870 3500 —-
889 3464 918 3526 3)
937 3463 1063 3514 Animalia
1081 3471 1139 3513 tunc
1159 3465 1207 3514 diei
1227 3465 1325 3517 solitura

102 3587 147 3633 per
169 3568 340 3635 synecdochen
365 3585 409 3633 pro
432 3568 488 3633 equi
511 3566 548 3630 (ut
570 3568 635 3632 apud
660 3567 769 3617 Graecos
791 3567 922 3618 modernos
947 3547 1051 3631 ἄλθγον
1069 3588 1103 3612 =
1120 3567 1219 3635 equus),
1238 3568 1279 3619 his
1296 3584 1325 3619 ex

103 3656 162 3706 locis
184 3656 341 3722 intelligitur:
365 3652 392 3706 G.
415 3653 515 3704 Maxim.
539 3653 616 3711 ’ΖΜ
639 3662 703 3703 coarto
726 3653 810 3717 impetu
832 3653 927 3702 arctatis
949 3652 1093 3703 oolraollbus
1117 3654 1221 3703 occurrit
1244 3653 1279 3719 (h.
1302 3670 1323 3705 e.

101 3743 172 3807 equis
191 3742 282 3807 publici
301 3741 407 3807 cursus),
425 3739 457 3792 V.
477 3741 537 3789 Aur.
555 3740 578 3798 7,
598 3739 613 3789 7
632 3741 734 3805 cupitum
752 3740 866 3789 animalis
884 3757 928 3788 raca
946 3737 1033 3788 ucrtdct
1050 3738 1154 3804 (miles),
1175 3739 1250 3791 Proh.
1264 3740 1288 3799 8,
1300 3739 1323 3795 3,

103 3829 131 3879 b.
150 3827 206 3879 Hel.
227 3827 265 3888 16,
288 3828 307 3875 1.
343 3826 384 3876 Sic
406 3827 430 3876 in
450 3826 476 3877 C.
495 3825 589 3876 Vheod.
613 3825 744 3890 aliquoties
768 3824 884 3875 animalia
901 3840 946 3889 pro
965 3823 1049 3888 equis,
1074 3832 1101 3873 ut
1121 3822 1194 3883 VIII,
1216 3825 1239 3881 I,
1256 3823 1281 3880 9,
1298 3831 1324 3872 et

102 3913 247 3977 frequenter
269 3910 396 3977 speciatim
419 3928 464 3976 pro
487 3910 557 3976 cquis
576 3911 731 3961 cursualibus
750 3929 769 3962 s.
790 3909 881 3974 publici
900 3927 994 3967 cursus,
1018 3918 1046 3959 ut
1064 3908 1134 3970 VIII,
1153 3911 1178 3968 5,
1198 3909 1232 3959 23
1250 3919 1276 3960 et
1292 3909 1324 3959 tt

102 3999 144 4056 ul.,
163 3996 209 4057 xl,
236 3997 276 4055 10,
301 3997 310 4045 l
336 3996 460 4055 ouintcliu,
485 3995 556 4055 VIII,
575 3999 599 4056 b,
618 3998 634 4046 2
652 4005 678 4047 et
698 3996 729 4045 10
753 3995 870 4045 uairualln
889 3995 994 4060 publicu,
1017 3996 1051 4046 ib.
1074 3995 1091 4046 l.
1110 3996 1127 4045 8
1149 4012 1187 4062 pr.
1208 3994 1323 4045 calmolt'e

101 4083 191 4146 publici
208 4100 297 4133 cursus.
334 4082 384 4131 Sed
402 4081 477 4131 etiam
496 4099 540 4147 pro
558 4083 638 4131 bubus
656 4080 773 4131 animalia
791 4081 909 4131 dicebant
926 4080 1075 4146 specialiter,
1095 4090 1122 4130 nt
1140 4080 1170 4131 b.
1184 4081 1225 4134 AI.
1244 4081 1286 4141 58,
1298 4080 1323 4131 5.

103 4195 136 4204 —-
154 4168 180 4234 4)
200 4169 228 4216 V.
249 4170 308 4218 Aur.
332 4165 369 4224 17,
390 4169 472 4239 1..Ι-
491 4167 516 4233 5)
537 4167 582 4218 l'al
609 4184 648 4232 ap.
667 4165 708 4217 I'r.
727 4165 763 4215 01.
779 4167 818 4225 14,
837 4165 853 4214 5
872 4167 923 4217 abs.
943 4164 1087 4215 brachialem
1105 4183 1183 4226 unum,
1202 4168 1264 4218 Aur.
1282 4182 1324 4230 ap:

103 4254 133 4304 V.
152 4258 212 4304 Aur.
231 4254 255 4313 7,
275 4254 290 4304 7
313 4263 415 4317 torquem
437 4252 580 4301 brachialem
602 4251 696 4301 ortulum
718 4249 831 4316 adponet.
852 4278 881 4287 -·
905 4251 930 4315 6)
954 4249 996 4301 Vr.
1016 4266 1071 4309 xxx,
1097 4253 1136 4310 10,
1154 4252 1171 4301 3
1189 4252 1260 4312 iocor,
1278 4250 1320 4316 Sp.

103 4338 182 4392 Hodr.
202 4339 241 4398 17,
263 4342 313 4399 l..‚
332 4339 425 4405 capital
444 4338 474 4389 V.
487 4337 545 4389 Tac.
559 4338 583 4398 o,
596 4339 619 4390 3.
633 4365 667 4376 -
686 4336 714 4401 7)
733 4336 764 4386 V.
782 4336 840 4388 'Iac
859 4337 884 4398 7,
903 4335 919 4385 2
942 4335 1052 4387 mucul.
1068 4363 1098 4373 »-
1117 4336 1143 4402 8)
1163 4354 1182 4387 s.
1201 4336 1245 4404 sp.
1264 4335 1320 4388 Seu.

102 4425 126 4483 2,
145 4423 170 4484 o,
192 4424 219 4475 0.
237 4423 295 4474 Alb.
318 4424 355 4486 14,
375 4425 416 4478 l..
436 4451 466 4462 ··
