2872 4852
587 291 845 365 ..36-

101 495 603 570 uiciisdcrz'uutiuuinsunt:
632 453 1239 573 661616611666661611616-116
1267 501 1325 592 23,

103 654 195 705 -66
224 634 244 705 6
274 629 342 727 (7),
377 653 492 705 —ura
519 634 553 725 4,
589 629 726 727 (abste.)
753 655 845 706 -or
875 636 906 726 1,
940 636 1040 708 -616
1069 637 1100 728 1,
1135 658 1265 709 —men
1294 639 1326 730 1,

107 825 209 892 -tor
239 822 296 912 14,
324 822 367 894 ab
394 820 574 893 adiectiuis
601 818 650 916 (u.
679 820 884 913 participiis)
912 822 1069 896 deriuata
1095 825 1132 896 in
1160 830 1264 897 -tas
1293 827 1326 917 2,

105 956 243 1030 -tudo
280 959 317 1049 1,
360 957 504 1029 —nt-ia
530 951 609 1048 2·);
642 962 901 1047 —praeterea
927 961 1034 1032 subet.
1063 962 1099 1032 in
1129 984 1218 1053 -o,
1255 963 1330 1034 onis

103 1114 204 1166 masc.
228 1095 260 1184 9,
280 1095 316 1165 in
337 1114 446 1186 -ago
460 1091 622 1189 (lem.)l;
636 1133 687 1145 -
701 1093 923 1168 adiectiua
938 1096 1132 1169 deriuatiua
1145 1099 1180 1169 in
1198 1119 1329 1170 -anus

104 1231 138 1322 8,
173 1227 303 1302 -lnus
332 1230 371 1321 3,
408 1251 564 1302 -aneus
592 1231 631 1321 2,
667 1232 810 1302 -66616
837 1234 876 1323 4,
916 1235 1072 1305 -611666
1103 1236 1141 1326 1,
1178 1235 1329 1326 6116161)

104 1365 245 1462 appell.)
272 1368 308 1438 in
332 1387 437 1439 -cus
457 1368 490 1458 2,
518 1368 555 1438 16
577 1359 685 1440 -eus
705 1368 738 1459 6,
764 1369 908 1462 -16166,
935 1369 1069 1441 661667
1090 1366 1326 1464 (6126661),

104 1517 409 1530 ——u-——t—

205 1568 228 1638 *)
265 1569 436 1621 Dinumeratis
454 1569 568 1620 omnihus
586 1568 612 1620 in
629 1575 770 1620 nostrorum
789 1567 888 1635 scriptis
906 1569 1027 1636 cuiusque
1049 1569 1149 1637 generis
1168 1570 1271 1620 uocibus
1289 1569 1329 1620 in-

105 1656 161 1707 6661
183 1655 284 1707 nomina
306 1654 418 1706 uerbalia
441 1654 546 1707 actionis
568 1654 593 1705 in
618 1655 674 1706 -io
696 1673 711 1706 6
737 1661 803 1722 part.
826 1655 891 1722 perf.
912 1655 1031 1706 inclinata
1057 1655 1107 1706 203
1133 1656 1161 1719 (6
1178 1671 1274 1722 praes,
1303 1663 1333 1706 nt

105 1783 207 1842 obliuio,
224 1782 328 1845 obsidio,
348 1783 405 1847 15),
424 1782 450 1833 in
471 1801 532 1835 —us
548 1783 582 1835 99
601 1782 798 1848 (denominatiua
823 1784 849 1834 in
868 1749 941 1834 -ius
961 1782 1056 1851 14),16
1075 1801 1154 1835 -ura
1171 1783 1213 1844 21,
1231 1784 1353 1836 nomina·

104 1868 217 1920 uerhalia
234 1869 331 1935 agentis
348 1867 374 1919 in
387 1887 449 1920 —or
468 1869 525 1933 128,
544 1897 577 1907 -
589 1868 777 1920 denominatim
795 1869 923 1936 qualitatis
942 1869 966 1920 16
980 1878 1052 1920 -166
1072 1869 1128 1931 121,
1146 1868 1173 1920 16
1184 1869 1279 1920 -tudo
1292 1870 1330 1923 19.

104 1955 159 2007 Η66
177 1955 278 2022 quidem
295 1956 390 2007 -tudo
407 1954 534 2006 finitorum
560 1972 641 2022 genus
663 1955 746 2022 prisca
763 1956 846 2022 magis
873 1973 947 2022 quam
970 1955 1111 2006 recentiore
1130 1962 1212 2006 aetate
1230 1955 1331 2023 linguae

107 2040 221 2108 uiguisse
239 2048 345 2101 constat,
365 2069 395 2078 --
415 2057 554 2108 quanquam
582 2050 681 2092 exstant
698 2050 725 2092 et
741 2042 840 2093 6661616
858 2041 980 2108 quaedam
1004 2041 1072 2101 16116,
1099 2040 1238 2092 cuiusmodi
1265 2047 1331 2103 sunt,

106 2133 135 2177 ut
152 2127 268 2194 exempla
285 2144 375 2194 ponam
384 2127 484 2178 nonnisi
493 2135 632 2194 propagata
649 2144 729 2195 nsque
747 2128 780 2179 nd
797 2134 906 2179 nostrum
929 2144 1032 2186 aenum,
1055 2127 1168 2193 aptitudo
1193 2125 1331 2192 (attitnde),

105 2213 229 2265 certitudo
242 2213 319 2280 cypr.
333 2212 410 2281 Greg.
423 2213 468 2273 M,
481 2212 630 2264 incertitudo
641 2212 718 2279 Greg.
726 2213 770 2280 M,
782 2211 934 2280 ingratitudo
945 2211 1020 2264 Firm.
1030 2212 1108 2265 math.
1120 2211 1199 2273 Cass,
1211 2213 1331 2279 prompti·

106 2301 166 2352 tudo
176 2301 218 2368 gl,
228 2299 359 2350 rectitudo,
377 2298 428 2350 Sed
434 2305 573 2350 ceterorum
583 2314 647 2364 quae
657 2297 730 2364 attigi
740 2314 861 2364 generum
868 2297 1019 2364 procedente
1031 2297 1132 2364 linguae
1141 2304 1232 2358 aetate,
1245 2298 1295 2349 imo
1307 2306 1334 2350 et

107 2387 298 2452 ingrauescente
308 2401 439 2436 cumusum
448 2383 529 2451 magis
538 2383 667 2450 magisque
677 2383 819 2434 crebruisse
828 2390 914 2433 tumet
923 2382 1008 2450 copies
1018 2383 1157 2435 accrenisse
1167 2383 1333 2451 largorecens

108 2470 297 2538 affiguratorum
315 2476 439 2537 prouentu
454 2468 638 2530 uocabulorum,
655 2467 781 2518 neminem
799 2467 825 2518 16
843 2467 883 2518 his
904 2468 993 2518 studiis
1006 2475 1132 2519 uersatum
1145 2468 1219 2519 facile
1232 2469 1332 2536 fugerit.

110 2556 267 2607 Documento
290 2555 331 2606 nel
349 2554 375 2606 id
393 2561 557 2622 potestesse,
576 2553 642 2620 qnod
661 2553 721 2605 solis
737 2552 774 2604 fi
791 2571 808 2620 p
826 2570 839 2603 r
856 2552 936 2604 literis
953 2552 1161 2620 principiantibus
1179 2570 1253 2605 noces
1271 2571 1332 2605 eno·

108 2691 174 2736 tatas
192 2684 273 2735 habeo
291 2682 436 2734 recentioris
453 2690 527 2734 uotae
544 2683 570 2734 in
588 2646 657 2732 —iio
674 2681 734 2742 261,
752 2681 778 2731 16
795 2646 870 2732 -ius
888 2681 929 2744 84,
948 2680 975 2732 in
992 2688 1066 2733 -tas
1084 2683 1196 2745 totidem,
1215 2684 1242 2736 in
1261 2648 1335 2736 -ior

112 2810 160 2862 109
177 2776 318 2876 (-166-166
334 2809 389 2880 71),
409 2812 435 2862 16
453 2778 544 2863 -1666
566 2808 731 2878 (infecundius
752 2809 852 2861 omnino
883 2809 1095 2878 inclinamentum)
1113 2811 1155 2865 80.
1196 2812 1333 2865 Verumta-

109 2914 176 2959 men,
194 2913 243 2964 qno
260 2897 403 2950 euidentius
421 2899 446 2949 id
460 2897 526 2965 quod
544 2897 652 2948 diximus
669 2912 829 2946 numerorum
846 2904 968 2962 appareat
985 2895 1124 2958 collatione,
1142 2897 1249 2963 primum
1266 2916 1283 2964 p
1302 2898 1333 2948 li-

109 2990 165 3035 tera
181 2983 312 3050 principali
330 3000 405 3036 uoces
423 3001 498 3051 snpra
515 2983 637 3034 dictorum
660 2997 783 3047 generum
805 2997 891 3031 omnes
913 2989 963 3031 tana
985 2989 1087 3033 ueteres
1108 2982 1258 3050 perpetuiue
1275 3002 1334 3036 usus

110 3085 184 3135 quam
202 3084 258 3118 sero
276 3067 461 3120 innotescentes
480 3066 700 3125 dinumeremus,
719 3074 745 3116 et
762 3065 901 3116 inuenimus
919 3066 956 3131 (ni
975 3065 1035 3132 qnid
1052 3084 1097 3118 nos
1115 3069 1257 3135 praeteriit)

577 3169 594 3217 p
657 3150 730 3200 litera
747 3148 878 3217 principali

607 3234 739 3286 uniuersas
858 3233 884 3283 in
903 3251 981 3285 aenea
992 3234 1093 3286 demum

842 3318 981 3371 Latinitate
999 3321 1085 3373 obuias

130 3431 273 3483 desinentes
290 3429 316 3481 in
334 3394 404 3481 -iio
649 3427 701 3480 250
898 3430 947 3482 100
964 3431 988 3483 h.
1007 3448 1029 3482 6.
1048 3432 1197 3485 centesimas
1210 3433 1337 3504 lopal‘),

235 3595 251 3622 ,‚
332 3523 407 3609 -dns
666 3555 697 3607 81
911 3556 946 3608 32
1046 3595 1064 3622 ,,
1210 3561 1319 3631 40(50)‚

233 3723 251 3750 ,,
332 3654 423 3740 -im
668 3683 701 3736 aa
917 3685 947 3738 1⁷
1049 3722 1067 3749 „
1213 3686 1320 3754 capu,

233 3853 249 3880 ,,
336 3782 411 3868 -ier
428 3814 512 3881 666)
651 3812 700 3864 rsa
912 3814 947 3867 re
1048 3849 1065 3877 „
1205 3815 1339 3884 copes),

234 3982 251 4009 „
336 3911 462 3996 -16-6.
667 3941 702 3993 co
913 3943 948 3994 aa
1050 3977 1066 4006 ‚,
1213 3944 1247 3996 66
1261 3942 1321 4011 (aa),

233 4067 251 4094 ,,
337 4036 410 4082 -as
667 4027 701 4079 ea
915 4028 949 4078 aa
1050 4062 1068 4089 ,‚
1212 4029 1246 4080 er
1260 4029 1322 4096 (66).

218 4186 239 4256 *)
274 4186 304 4249 In
321 4183 391 4237 66616
408 4200 465 4235 eum
481 4198 612 4234 numerum
629 4180 725 4244 suffeci,
744 4182 787 4250 qni
805 4180 899 4242 euadit,
917 4181 939 4232 si
956 4182 1160 4234 annumeraueris
1177 4182 1283 4236 nouiciis
1296 4200 1340 4234 666

117 4291 201 4336 66666,
219 4291 283 4342 quae
301 4279 359 4324 6616
376 4269 477 4338 quidem
495 4266 547 4322 ΙΙΙ.
565 4285 631 4322 6666.
654 4268 821 4330 16661666661,
837 4267 992 4320 recentiores
1009 4273 1093 4320 tamen
1106 4277 1164 4321 6661
1182 4278 1208 4322 61
1223 4271 1295 4338 ipsae
1312 4269 1340 4320 in

117 4377 213 4442 usuque
230 4360 310 4439 magis
330 4359 397 4433 apud
416 4355 567 4426 posteriores
587 4356 710 4411 teruntur.
