2872 4852
591 264 849 336 ...65-

116 469 167 562 Sp.
188 468 292 543 Hodr.
325 469 387 562 10,
418 471 439 543 2
468 473 552 543 inter
584 472 769 565 marrr‘peelo3
795 512 848 524 -
869 495 1015 566 peneum
1053 474 1093 545 L.
1128 474 1206 547 Hel.
1243 476 1276 566 6,
1308 477 1328 547 7

116 607 166 707 (in
192 627 325 698 penum,
349 606 439 679 erile
465 607 583 681 Afran.
612 629 665 699 ap.
694 608 802 680 Prisc.
838 608 880 700 V,
917 610 966 683 45
999 614 1036 682 61
1066 609 1132 703 VI,
1170 610 1253 705 76);
1286 653 1327 663 -

115 744 374 841 psaeoeolum:
398 743 443 816 V.
472 744 555 818 Aur.
585 743 618 836 4,
650 746 670 817 6
696 748 840 817 66161661
861 747 1012 841 farreolo,
1042 745 1129 838 Veg.
1150 769 1183 818 u.
1209 749 1255 840 ΙΙ,
1282 748 1329 820 57

113 880 234 978 [666661
259 877 485 977 6666166666
512 879 668 975 (fasciola
694 880 764 954 cio.
789 882 862 954 har.
894 904 998 974 resp,
1026 881 1145 975 Hor),
1175 888 1210 955 61
1236 886 1331 956 ioeus

115 1016 191 1107 plur.
217 1019 318 1090 ioea
354 1015 393 1090 O.
423 1018 504 1088 Ant.
532 1018 572 1089 P.
610 1019 650 1090 ll
678 1039 752 1109 en,
781 1017 864 1091 Ver.
894 1022 927 1112 7,
957 1021 1332 1114 4661666666,-

114 1155 391 1246 quemadmodum
417 1155 506 1228 libra
531 1177 594 1246 pro
622 1156 702 1229 libri
728 1155 822 1227 Petr.
851 1158 911 1247 46,
942 1159 1165 1248 margaritum
1192 1158 1238 1229 id.
1270 1158 1328 1229 63.

113 1290 306 1385 Quanquam
332 1291 453 1364 dubito
480 1313 523 1364 an
549 1293 690 1382 pronior
715 1292 821 1365 fuerit
852 1315 966 1368 sermo
998 1295 1153 1385 plebeius
1179 1295 1223 1366 ad
1250 1315 1330 1367 eon·

111 1430 245 1501 trariam
271 1429 310 1500 in
328 1448 437 1520 genus
455 1429 678 1501 masculinum
695 1433 993 1522 permutationem,
1021 1436 1061 1503 ut
1078 1432 1169 1522 apud
1187 1431 1332 1503 eundem

110 1564 305 1639 Petronium
332 1570 533 1656 comparent
558 1565 704 1639 balneus
718 1568 778 1658 41,
805 1569 1028 1642 candelabrus
1048 1569 1107 1660 75,
1136 1568 1250 1641 coelus
1270 1569 1329 1660 39,

110 1701 193 1777 fatus
209 1705 275 1796 42,
304 1704 363 1794 71,
395 1705 441 1775 77
470 1703 723 1796 (g=genius),
752 1705 916 1776 reticulus
943 1706 1001 1797 67,
1030 1726 1132 1777 nasus
1153 1706 1211 1797 57,
1231 1708 1332 1778 uinus

112 1839 163 1931 41,
192 1862 249 1932 ap.
277 1840 361 1913 Isid.
392 1845 427 1912 61
453 1842 488 1912 in
523 1842 626 1933 glosa.
660 1840 830 1932 pulpituo,
864 1840 939 1931 611,
975 1842 1011 1912 in
1044 1840 1081 1913 G.
1117 1842 1223 1913 inser.
1252 1842 1329 1913 Lat.

111 1976 214 2051 Berol.
229 1977 276 2070 II,
291 1998 326 2049 n.
345 1976 418 2048 266
450 1977 515 2048 ‘hie
529 1977 781 2068 munimentus',
811 1979 909 2049 3222
941 1978 1060 2050 ‘faetus
1087 1983 1140 2050 est
1165 1980 1330 2070 horreus’,

115 2112 153 2185 ei.
179 2112 257 2187 Gur.
295 2113 440 2187 Fortun.
475 2120 540 2186 art.
569 2116 657 2186 rhet.
688 2115 720 2205 3,
750 2135 783 2204 p.
815 2115 887 2186 123
914 2114 1017 2186 Halm
1044 2112 1184 2186 Romani
1214 2119 1336 2186 66666.

118 2250 204 2323 mlta
236 2251 419 2322 masculino
448 2272 571 2347 garrera
607 2255 717 2345 polius
756 2253 928 2323 66666666
958 2255 996 2323 nt
1030 2249 1126 2323 ι6666
1159 2250 1330 2342 16666661,

111 2382 426 2484 loaprodlgmm’,
452 2389 645 2480 -qualia
671 2410 752 2461 sane
785 2387 876 2479 apud
908 2393 1044 2460 nostros
1071 2388 1164 2461 nulla
1197 2390 1330 2460 inueni-

108 2529 214 2617 untur,
244 2525 314 2596 nisi
341 2524 432 2614 quod
467 2548 488 2596 6
496 2547 518 2595 6
526 2525 571 2621 lg
579 2547 624 2595 ns
651 2547 754 2598 maso.
782 2526 1011 2597 uetustiorum
1037 2525 1193 2615 exemplo
1225 2523 1329 2618 (Non.

107 2680 136 2751 p.
167 2663 239 2735 156
268 2659 339 2756 sq.)
365 2661 504 2752 Lampr.
539 2662 629 2734 dixit
660 2661 738 2734 Hel.
768 2662 827 2752 21,
858 2661 878 2731 6
913 2660 1053 2756 redigam
1086 2661 1132 2731 od
1161 2659 1330 2732 bibendum

107 2803 277 2892 6116161ιί1,
325 2798 424 2872 Alex,
466 2799 532 2890 48,
570 2799 590 2869 6
633 2798 772 2895 corrigam
809 2794 894 2866 6666
933 2816 1000 2865 lam
1044 2795 1180 2867 Troiani
1211 2800 1332 2889 pertore

106 2933 180 3030 (aed
205 2935 250 3008 oi.
278 2934 378 3007 Neue
403 2935 430 3026 Ι,
459 2956 492 3026 p.
522 2935 594 3007 679
622 2930 702 3027 sq.).
756 2931 938 3005 Feminino
958 2953 1084 3024 genere
1102 2930 1331 3005 6666116666

105 3069 143 3145 16
170 3070 304 3146 Gornun.
337 3071 394 3162 16,
425 3070 447 3143 5
475 3072 628 3163 (auctore
655 3069 761 3163 Verg.
790 3069 833 3141 A.
861 3068 930 3161 IV,
957 3068 1050 3163 462)
1085 3073 1121 3141 61
1152 3072 1332 3164 optimos

105 3205 145 3280 V.
195 3208 323 3280 Bonos.
380 3207 442 3298 15,
490 3208 511 3278 6
563 3210 732 3301 optimates
785 3204 935 3278 Gothicus
986 3203 1068 3299 (adi.
1116 3205 1205 3278 Eun.
1257 3229 1330 3278 ma-

106 3347 224 3418 tronae
268 3344 484 3437 optimates),
536 3349 572 3417 et
614 3344 779 3417 feminina
821 3343 933 3417 forma
975 3343 1130 3414 romola
1175 3343 1231 3414 Tr.
1278 3341 1328 3416 Ol.

109 3481 171 3573 14,
219 3480 241 3551 3
286 3482 426 3552 camelos
459 3503 587 3551 arrienos
631 3480 665 3552 li
704 3479 841 3575 (cameli
884 3480 924 3553 L.
970 3478 1046 3550 Hel.
1093 3479 1151 3569 20,
1200 3479 1221 3549 5
1252 3535 1259 3550 .
1292 3476 1329 3572 ..)

106 3615 343 3690 Memorabilis
384 3623 499 3690 autem
537 3619 686 3690 maxime
719 3623 774 3691 est
812 3618 950 3710 generis
982 3637 1062 3688 usus
1096 3616 1131 3686 in
1165 3615 1331 3689 uocabulo

107 3754 197 3846 quod
223 3759 277 3826 est
303 3754 406 3846 dias,
436 3755 471 3826 in
499 3776 565 3847 quo
592 3777 660 3827 non
686 3755 787 3827 modo
814 3758 933 3828 eontra
959 3773 999 3824 ao
1025 3752 1114 3823 solet
1131 3750 1332 3825 femininum

105 3913 214 3984 genus
240 3897 427 3983 exsuperat
452 3893 538 3983 (302
558 3892 628 3984 17),
657 3891 718 3964 sed
735 3892 825 3963 ratio
842 3890 1056 3972 differentiae
1084 3895 1120 3961 et
1137 3894 1233 3962 eerta
1251 3912 1332 3962 sane

103 4028 171 4120 lex,
202 4050 304 4121 quarn
329 4031 439 4102 nostri
465 4028 626 4101 uidentur
652 4028 759 4119 sequi,
789 4028 858 4099 alia
884 4033 937 4099 est
962 4047 1002 4098 ao
1028 4031 1195 4100 ueterum.
1243 4025 1331 4097 Nam

104 4165 241 4259 quoties
267 4164 304 4261 a)
331 4167 422 4238 diem
449 4164 619 4258 singulum
644 4169 685 4237 ut
709 4163 913 4255 particulam
945 4165 1111 4254 temporis
1145 4163 1241 4254 quasi
1268 4184 1330 4233 nu-

105 4321 240 4374 merum
266 4304 302 4374 in
335 4305 424 4376 serie
456 4308 651 4392 temporum
682 4300 922 4391 determinant,
957 4322 1023 4394 quo
1057 4301 1113 4372 uel
1146 4304 1249 4392 quoto
1277 4300 1332 4371 die

1112 4432 1129 4484 o
