2872 4852
599 299 855 372 ..26-

109 504 243 599 pellat-to
268 527 312 575 aa
338 526 429 577 ossea
456 509 541 595 eto.;
568 545 619 558 -
644 504 741 578 Paul.
769 506 852 597 Dig.
881 505 1041 595 XXXIV,
1071 507 1104 596 2,
1137 507 1184 577 24
1212 509 1338 577 tara'ras

113 645 145 713 et
169 643 324 739 stragula
345 643 490 737 pellicia,
517 643 602 715 Pall.

160 779 419 870 persteterit:
446 802 479 850 u.
511 781 531 850 2
561 779 689 870 (uiua).

158 916 442 1011 perfrtuolns:
481 915 524 988 V.
559 914 644 986 Aur.
681 914 721 1007 6,
759 916 780 986 6
816 911 894 985 tare
926 916 1019 986 m'deo
1052 937 1120 986 esse
1142 917 1335 1013 perfrtmlo,

111 1052 201 1124 sed..
229 1052 364 1125 tacenda
389 1073 458 1124 esse
484 1075 547 1124 rma
574 1052 705 1125 credidi.

157 1197 390 1283 persciens:
421 1189 461 1261 L.
491 1188 620 1262 Oomm.
657 1190 690 1281 5,
721 1192 742 1261 2
780 1187 931 1261 Parnasos
969 1191 1131 1261 Commodi
1155 1198 1332 1283 persciens.

157 1327 426 1420 perlepidam
452 1326 494 1399 V.
524 1325 601 1399 Oar.
635 1327 691 1417 17,
723 1326 743 1397 5
772 1348 867 1420 aqua
900 1335 902 1340 “

158 1461 454 1556 perturbidam
480 1463 523 1536 V.
553 1462 622 1535 Sat.
654 1464 686 1554 7,
718 1463 739 1534 3
767 1457 982 1555 ammam).

155 1598 425 1694 pompnbtlts:
461 1600 518 1672 Tr.
547 1621 628 1696 uxr,
664 1600 722 1692 30,
754 1600 801 1670 24
835 1599 931 1669 deren
964 1603 1012 1669 est
1039 1620 1101 1692 per
1135 1597 1334 1692 tristropham

107 1819 413 1834 m

210 1973 236 2038 *)
272 1973 376 2024 Praeter
397 1973 460 2022 haee
478 1971 575 2023 nouioia
598 1971 647 2022 alia
669 1990 768 2038 quoque
793 1972 955 2022 adiectiua
974 1973 1127 2038 superlatiun
1146 1991 1217 2040 per·
1224 1974 1335 2039 praefixa

107 2059 186 2111 nostri
204 2069 335 2125 usurpant,
353 2067 381 2110 ut
398 2059 592 2124 peradulesoeus
612 2061 645 2125 (u.
664 2057 716 2118 ΙΙΙ,
737 2059 770 2123 l),
795 2059 977 2125 periucundus,
1001 2060 1158 2124 permodicus
1176 2058 1210 2125 (u.
1229 2057 1280 2118 ΙΙΙ,
1301 2059 1333 2126 l),

106 2145 243 2212 pernobilis
262 2146 290 2198 ls.
304 2145 343 2198 al.
362 2145 433 2204 41,2
451 2154 572 2194 matronae
591 2144 667 2208 (cto,
687 2144 773 2210 Visa),
792 2161 931 2211 perparuus
952 2145 1021 2195 Vule.
1041 2144 1110 2197 Cass.
1130 2147 1154 2206 4,
1174 2145 1197 2208 6,
1216 2162 1335 2210 perrarus

107 2231 136 2284 la.
172 2232 244 2284 Alex.
284 2232 334 2291 21,
375 2234 388 2283 1
430 2231 536 2295 (Liu.‚-
558 2230 654 2297 Plio),
695 2231 823 2296 pertenuis
866 2231 892 2282 O.
935 2230 991 2281 Alb.
1033 2233 1065 2290 4,
1105 2231 1122 2281 3
1158 2231 1333 2295 patrimonium.

107 2318 165 2370 Alia
182 2318 256 2368 huius
274 2317 383 2384 figurae,
405 2333 470 2383 quae
488 2333 534 2382 per
551 2317 658 2367 seriores
676 2316 841 2374 innotescunt,
861 2324 929 2365 sunt:
956 2315 1082 2380 percultor
1100 2317 1164 2369 Viot.
1184 2315 1256 2368 Caes.
1277 2318 1298 2379 1,
1317 2316 1332 2364 5

106 2402 237 2464 doctorum
253 2401 388 2469 perduellis
405 2401 446 2455 Ps.
465 2401 580 2462 «iuuene,
598 2402 684 2467 gloss,
702 2401 827 2468 perfalsus
848 2401 948 2464 Boeth.;
967 2401 1087 2466 perfertis
1106 2401 1147 2461 id..
1167 2400 1332 2467 performido-

104 2487 174 2540 losus
197 2489 262 2541 Viet.
281 2488 352 2541 Caes.
376 2487 401 2548 4,
420 2487 449 2551 93
472 2488 654 2553 perimmensus
677 2488 787 2545 Emoda
811 2488 941 2554 perinanis
966 2487 1111 2553 Augustiu.;
1135 2487 1280 2553 perpinguis
1299 2485 1332 2538 It.

106 2573 191 2632 Alex.;
205 2572 338 2640 persenilis
351 2573 439 2639 Vulg.;
458 2591 599 2639 peruacuus
612 2572 709 2632 Boeth,
722 2572 769 2638 gl.;
788 2572 961 2639 peruioleutua
974 2572 1094 2634 Cassiod,
1107 2572 1150 2624 all.
1176 2573 1214 2623 De
1227 2573 1332 2623 uerbis

105 2659 194 2709 eodem
206 2675 282 2709 sensu
294 2675 349 2726 per
361 2658 546 2725 praepositione
560 2659 639 2708 auctis
651 2658 715 2708 infra
728 2676 751 2724 p.
763 2657 795 2707 27
805 2676 841 2723 sq.
852 2657 945 2722 aliquid
956 2657 1134 2708 annotauimus.
1153 2656 1225 2708 Alius
1235 2658 1333 2724 figurae

105 2745 282 2810 superlatiuae,
299 2759 364 2810 quae
382 2743 410 2793 fit
428 2759 504 2808 prae
522 2742 562 2793 uel
581 2743 665 2793 uerbis
684 2743 726 2793 uel
743 2744 767 2793 iu
786 2742 916 2792 adieetiuis
933 2743 1050 2810 praefixa,
1069 2743 1183 2809 exempla
1195 2743 1274 2794 nostri
1287 2759 1333 2794 neo

105 2847 171 2882 noua
193 2831 315 2896 praebent
337 2836 363 2880 et
385 2829 514 2894 pauoiora:
540 2828 698 2896 praefulgere
712 2814 762 2878 Vr.
788 2828 853 2880 Gall.
877 2829 901 2887 8,
925 2829 949 2887 2,
973 2828 1130 2894 praepollere
1153 2826 1220 2891 (III,
1245 2829 1281 2892 l),
1300 2855 1332 2864 -

105 2930 292 2983 praeproperus
310 2914 341 2967 V.
362 2914 420 2965 Teo.
439 2913 463 2974 6,
483 2914 498 2964 2
517 2913 578 2963 nibil
595 2915 625 2962 ab
644 2913 686 2962 loc
700 2930 889 2980 praeproperum
898 2913 1080 2977 formidandam
1098 2923 1139 2975 est,
1158 2914 1332 2981 praetrepidus

103 2999 161 3066 (lli,
183 3000 215 3064 l).
250 2998 321 3049 Talia
339 3007 436 3062 tamen,
461 3016 517 3050 oum
541 2999 590 3048 iam
612 3006 713 3048 ueteres
737 2999 858 3065 quaedam
882 2999 1057 3065 usurpauerint
1075 3001 1221 3064 metaphora
1238 3000 1330 3066 proeli-

104 3084 183 3143 uiore,
202 3091 231 3133 ut
248 3084 400 3150 praeclarus,
419 3083 560 3150 praealtus,
583 3083 750 3150 praegestire,
769 3083 875 3148 plurima
893 3092 1116 3150 postenesareauus
1135 3086 1252 3152 loquendi
1272 3103 1331 3136 usus

104 3169 146 3221 uel
163 3168 261 3220 affinxit
277 3168 319 3219 uel
337 3176 496 3234 praetentata
513 3168 594 3234 poetis
612 3167 789 3233 frequentauit.
825 3168 915 3216 Eorum
939 3186 1003 3233 quae
1028 3178 1148 3236 argentea
1172 3179 1255 3222 aetate
1273 3171 1331 3220 iude

104 3254 202 3306 aLiuio
221 3254 246 3304 iu
265 3271 310 3304 usu
329 3253 399 3304 fuere
418 3254 549 3316 adieetiua,
568 3260 596 3303 ut
613 3253 756 3320 praemollia
773 3253 846 3314 Plu,
865 3254 1009 3319 praelautus
1022 3255 1101 3314 Suet..
1120 3256 1161 3306 uel
1180 3257 1255 3308 etiem
1273 3266 1331 3307 ante

104 3347 194 3408 poetae
211 3340 381 3406 praeiuerant,
400 3346 428 3388 ut
445 3339 608 3405 praegrandis
628 3339 733 3399 Pacuu,
757 3339 836 3400 Pliu.,
861 3340 943 3400 Suet,
967 3341 1129 3408 praepinguis
1149 3343 1232 3408 Verg.,
1256 3342 1329 3401 Plin,

103 3424 265 3492 praenubilus
283 3423 371 3484 Ouid..
395 3423 509 3491 exempla
528 3431 627 3490 praesto
645 3424 722 3474 habui
740 3424 845 3490 amplius
863 3426 978 3490 triginta,
1003 3427 1092 3492 quibus
1115 3427 1236 3478 accedunt
1252 3430 1331 3478 uerba

104 3509 264 3577 praetorem,
294 3509 450 3578 praeualere.
494 3509 548 3560 Neo
577 3509 658 3559 minor
685 3518 724 3562 est
749 3528 867 3562 numerus
897 3529 994 3573 eorum,
1023 3529 1089 3578 quae
1118 3513 1330 3578 postantoniniani

103 3595 239 3662 scriptores
261 3595 356 3646 habeut
378 3612 454 3656 noue,
477 3603 516 3645 ut:
542 3595 709 3661 praeblaudus
727 3595 842 3655 Juuenc.,
867 3598 990 3664 praecluis
1009 3599 1043 3649 M.
1062 3598 1130 3664 Cap,
1148 3599 1329 3665 praedifficilia,

104 3681 287 3749 praedigestus,
310 3680 450 3747 praedirus‚
473 3680 636 3746 praefertilis,
660 3681 839 3748 praefulgidus,
861 3683 1052 3748 praeglorioaus,
1077 3683 1215 3750 praelibes,
1238 3685 1329 3752 praeli-

103 3774 191 3818 eeuter
203 3766 278 3826 Gall..
297 3765 477 3833 praelubricus,
496 3766 632 3833 praemitis,
652 3769 785 3833 praenimis
799 3768 872 3830 Geli,
891 3769 1051 3835 praenobilis,
1069 3771 1235 3836 praeopimus,
1254 3789 1328 3839 prae·

103 3870 204 3920 paruus,
223 3852 396 3919 praepuleher,
415 3853 578 3920 praerutilus,
596 3854 792 3919 praesauciatus,
811 3863 970 3921 praeseateus
991 3854 1065 3915 Gell,
1084 3857 1234 3921 pressimus,
1254 3875 1328 3924 prae·

103 3939 210 3999 solidus,
233 3938 399 4006 praestabas,
423 3938 612 4006 praestupidus,
635 3940 812 4007 praetimidns,
836 3941 1019 4008 praetumidus,
1045 3941 1229 4008 praetumidum
1253 3960 1328 4011 prae·

103 4024 249 4087 calefacere,
272 4023 444 4091 praeclarare,
466 4024 624 4090 praecinere,
643 4027 864 4093 praeerudesoere,
888 4027 1012 4094 praepeti,
1035 4027 1209 4092 praetendere,
1228 4029 1327 4095 praeui-

102 4111 182 4177 gilare
201 4111 322 4177 August,
346 4109 519 4175 praeuiuoere.
554 4110 637 4161 Etiam
656 4113 825 4178 ex-praeiixa
847 4112 990 4163 huiusmodi
1012 4113 1133 4178 quaedam
1155 4113 1221 4180 apud
1240 4131 1327 4165 receu-

103 4195 180 4246 tiores
204 4196 376 4257 inueniuntur,
398 4203 439 4248 ut:
463 4195 619 4248 exaestuans*
637 4198 718 4250 Amm.
742 4197 926 4264 (exaceruantia
948 4198 973 4248 iu
994 4217 1020 4249 se
1039 4199 1090 4250 tela
1107 4200 1258 4269 declinans),
1282 4218 1326 4252 ex·

101 4279 223 4345 pallidus,
245 4282 327 4334 miuus
352 4281 415 4332 dure
438 4281 561 4334 exabusus
584 4283 665 4334 Arum.
688 4281 818 4350 (temporis
841 4283 945 4349 spatio),
969 4285 1085 4335 exaridus
1108 4285 1190 4348 uera,
1210 4315 1243 4324 -
1266 4287 1325 4338 item

102 4367 338 4433 super-praefixa,
356 4374 385 4419 ut
402 4375 566 4434 superaptare
584 4368 674 4430 Hilar,
692 4384 871 4435 supersperare
888 4368 955 4432 ecel,
975 4385 1149 4437 supersumere
1162 4372 1226 4426 Pliu.
1240 4372 1326 4424 Veler.
