2872 4852
587 277 844 350 ...89-

102 477 277 555 (1717111.
309 481 367 572 15,
398 483 419 552 2
460 482 684 580 quodraginta
723 487 755 554 et
786 504 845 555 son
877 505 980 554 77777
1012 486 1178 580 ageraton,
1215 488 1274 579 22,
1305 489 1326 560 2

102 639 205 689 onnus
231 620 401 714 agentern,
440 622 477 689 77
506 620 654 715 plerique
680 619 851 711 77777777,
892 620 1057 712 octodecim,
1099 623 1136 691 77
1167 623 1326 714 nonnulli,

103 754 269 846 badenim,
312 757 351 824 nt
385 747 507 826 077777
540 754 644 847 (licit,
675 757 827 849 ordonn,
868 759 907 828 it.
945 758 1025 828 Ant.
1055 757 1117 828 Ph.
1147 758 1181 848 5,
1212 759 1251 846 1;
1278 798 1329 811 -

103 889 295 964 cuiusmodi
322 896 401 963 sunt
428 895 532 964 etiarn
560 915 647 984 quae
680 895 868 985 Augustini
894 895 1115 966 Buenemann
1143 881 1260 964 attulit
1286 894 1329 964 ad

104 1027 198 1101 Laut.
241 1050 276 1118 p.
323 1028 418 1100 1486
453 1051 502 1120 sq.
539 1052 558 1102 e
590 1031 785 1122 soliloquio:
831 1055 902 1104 cnnr
943 1035 1083 1128 triginta
1122 1035 1188 1102 tres
1227 1052 1329 1101 77777

106 1186 213 1262 agon,
251 1186 271 1236 e
299 1164 461 1238 confess:
505 1190 577 1237 nnn
609 1170 692 1238 77177
716 1173 751 1237 in
778 1174 874 1239 nonnos
906 1167 1245 1261 177717,71.7171.
1275 1188 1327 1257 ep.

108 1303 162 1394 44,
190 1305 216 1374 4
244 1324 350 1374 77777
364 1324 486 1399 gorens
499 1309 650 1396 proniore
667 1304 890 1401 quadraginin
917 1304 1000 1399 (non
1027 1307 1127 1395 plane
1144 1305 1236 1375 idem
1255 1324 1329 1375 esse

107 1438 250 1510 dixerim
279 1437 370 1528 quod
387 1439 515 1530 legitur
538 1439 627 1511 Plin.
649 1439 742 1533 XIV,
763 1442 796 1531 3,
820 1442 864 1512 18
890 1448 1021 1513 onnus
1039 1440 1126 1512 77177
1144 1432 1203 1512 XC
1218 1462 1328 1536 ugron-

108 1577 158 1645 171·
182 1575 297 1666 nonno).
333 1616 381 1626 -
416 1571 598 1666 Milioni,
641 1577 732 1667 quod
763 1580 798 1648 in
838 1579 1067 1668 dispertitiuis
1102 1602 1120 1646 a
1153 1578 1329 1648 Prisciano

109 1715 280 1802 densetur,
322 1710 382 1781 sed
421 1733 587 1802 nusquam
621 1732 819 1804 comparere
859 1714 949 1805 apud
989 1716 1175 1805 seriptores
1214 1713 1330 1803 pueris

109 1849 277 1922 insultare
311 1856 561 1920 consueuerunt
600 1850 795 1923 literatores
828 1855 1015 1942 nostrates,
1061 1852 1115 1922 bis
1157 1855 1331 1941 comparet

111 1983 279 2076 lamprid.
333 1985 470 2078 Heliog.
502 1988 561 2077 21,
592 1988 612 2057 7
641 1987 728 2058 non
758 1990 929 2058 77771777
956 1986 1119 2077 millenae,
1156 1986 1214 2076 26,
1247 1987 1267 2056 7
1296 1987 1332 2054 77

116 2142 160 2193 ns
181 2121 311 2194 inheret
335 2123 468 2193 17777777
491 2124 598 2217 pondo
632 2123 697 2194 sibi
727 2145 923 2195 orornonnm
951 2123 1091 2217 oloferne,
1136 2122 1228 2192 idem
1261 2121 1331 2210 legi

119 2257 208 2330 711711
236 2258 356 2331 Scaeu.
385 2259 464 2351 Dig.
485 2260 578 2351 XXI,
610 2260 668 2352 89,
701 2263 719 2330 1
750 2263 799 2350 (in
818 2261 891 2332 eod.
912 2260 1020 2350 Flor.)
1048 2263 1083 2330 et
1100 2258 1207 2330 Henz.
1228 2258 1329 2329 inser.

116 2392 216 2487 7145,
247 2394 347 2467 Neue
365 2396 400 2486 ·Ι,
432 2396 725 2488 721711717711,
757 2397 849 2469 adde
877 2399 981 2469 etiam
1016 2397 1128 2468 Amm.
1157 2395 1235 2487 XV,
1271 2397 1329 2483 11,

114 2528 154 2602 17
181 2531 302 2603 7777177
319 2553 383 2602 777
401 2532 541 2602 71177777
555 2531 719 2625 possidire,
749 2532 808 2603 sod
823 2534 931 2629 longis
949 2538 1067 2604 itinero
1086 2535 1271 2622 moinonlnr,
1297 2534 1333 2601 et

112 2662 306 2758 (e'Dirksen
321 2668 496 2741 manLat.
514 2666 597 2761 iur.)
613 2667 688 2740 Gai.
705 2669 748 2759 Π,
768 2669 839 2739 225
859 2668 1003 2764 singolis
1016 2668 1163 2738 millenos
1181 2688 1270 2737 assos
1285 2666 1330 2736 le-

108 2805 228 2900 gando,
257 2810 293 2876 71
318 2804 406 2877 Nou.
436 2805 570 2877 Valent.
599 2805 660 2895 ΠΙ,
688 2810 714 2875 1.
737 2806 769 2896 5,
789 2799 811 2902 ξ
831 2806 864 2875 4.
883 2843 936 2855 -
952 2803 1054 2874 Miris
1072 2803 1181 2873 modis
1208 2802 1329 2873 aduer-

111 2941 165 3014 bie
196 2943 388 3013 numeralia
421 2943 559 3035 (semel,
599 2941 652 3013 bis
672 2996 679 3012 .
702 2941 725 3032 .)
760 2947 795 3013 et
829 2942 926 3033 quasi
957 2940 1122 3012 aduerbia
1156 2936 1329 3033 (primum,

112 3079 238 3171 primo,
274 3084 310 3150 71
343 3078 502 3169 deinceps
534 3079 625 3170 rell.)
669 3080 760 3150 inter
793 3098 829 3150 se
862 3081 1110 3167 permutantur.
1167 3074 1333 3147 Crederes

112 3218 311 3308 peregrinos
330 3188 460 3287 temere
479 3237 633 3307 quaeque
651 3218 834 3288 miscentes
853 3211 995 3309 (quippe
1014 3218 1211 3305 computare
1230 3233 1333 3304 aegre

113 3352 299 3425 addiscitur
325 3354 418 3426 sonis
443 3375 511 3424 non
539 3353 639 3445 suis),
674 3355 710 3424 ni
744 3352 982 3443 peruulgatam
1009 3350 1115 3423 fuisse
1141 3351 1218 3422 istis
1243 3355 1332 3420 tem-

113 3491 251 3578 poribus
299 3511 374 3561 eam
415 3491 621 3562 abusionem
666 3491 812 3562 aliorum
857 3487 1014 3577 exempla
1060 3486 1331 3576 comprobarent.

113 3622 199 3698 Sane
226 3626 318 3718 quod
357 3627 393 3697 in
433 3627 636 3698 ordinalium
677 3648 741 3698 usu
781 3625 878 3716 quasi
916 3624 1106 3696 aduerbiali
1145 3622 1334 3694 ablatiuum

114 3760 250 3857 (primo,
278 3765 383 3836 tertio
404 3819 410 3835 .
434 3762 459 3856 .)
487 3785 549 3854 pro
576 3764 770 3836 aecusatiuo
798 3764 834 3833 in
860 3760 1079 3834 numerandis
1112 3758 1197 3848 ipsis
1222 3758 1333 3850 factis,

112 3922 178 3975 nou
211 3903 424 3992 temporibus
457 3901 625 3972 fautorum
658 3898 731 3971 fere
763 3899 920 3971 uidemus
961 3898 1135 3988 usurpari,
1178 3896 1263 3967 adeo
1296 3899 1335 3965 ut

112 4040 217 4112 etiam
246 4039 361 4111 ‘tertio
388 4039 531 4129 oonsul’,
561 4043 600 4109 ut
626 4036 683 4126 Sp.
713 4034 819 4106 Hadr.
849 4037 883 4127 4,
914 4038 955 4125 43
984 4037 1016 4126 8,
1047 4036 1087 4124 43
1116 4033 1174 4124 23,
1207 4032 1264 4120 13,
1284 4069 1335 4080 -

114 4176 219 4265 quid?
238 4175 328 4268 quod
342 4177 446 4248 etiam
461 4176 612 4248 deterius
626 4171 765 4264 aliquid,
782 4176 821 4242 ut
834 4170 1138 4259 infraostendetur‚
1207 4169 1265 4239 isti
1282 4167 1333 4238 lo-

1101 4402 1133 4453 12
