2872 4852
380 474 654 570 Sententiae
690 480 1046 573 controuersaer

134 736 164 827 l)
202 735 303 809 Haud
321 736 372 808 ita
398 735 504 808 multo
531 740 609 826 post
626 734 816 808 Alexandri
833 733 882 808 Μ.
909 736 1059 810 seculum
1086 735 1238 811 Graecos
1262 760 1323 832 ge-

202 875 324 946 nuinos
357 893 523 964 nusquam
555 874 805 965 comparuisse,
841 877 945 966 inque
971 896 1093 948 nomen
1121 879 1324 950 successisse

201 1012 270 1083 iam
296 1016 370 1082 tum
397 1008 479 1105 (non
506 1009 619 1082 medio
642 1008 778 1082 demum
805 1011 906 1104 aeuo)
933 1012 1143 1104 alienigenas
1170 1015 1322 1106 graecis·

202 1153 327 1240 santes,
356 1168 536 1220 seruorum
564 1146 717 1220 subolem
744 1148 1014 1221 inuecticiorum.

114 1287 162 1379 II)
201 1284 439 1378 Magistratus,
469 1283 511 1356 ad
538 1305 623 1375 quos
648 1284 800 1356 rationes
825 1283 1064 1359 referebantur
1090 1287 1133 1359 ab
1156 1288 1323 1379 omuibus,

202 1424 260 1514 qui
285 1421 415 1514 aliquid
432 1421 589 1512 publicae
606 1421 659 1494 rei
677 1420 983 1514 administrassent,
1012 1423 1201 1514 appellatos
1218 1423 1323 1497 fuisse

201 1559 347 1632 Athenis
374 1558 512 1632 eosdem
539 1564 574 1631 et
599 1558 743 1651 legistas
774 1564 809 1630 ct
836 1560 1014 1651 euthynos.

97 1693 160 1789 ΙΙΙ)
195 1695 460 1787 Xenophontem
494 1693 605 1786 Grylli
636 1694 659 1767 f.
688 1696 935 1769 Atheniensem
968 1702 1086 1769 natum
1119 1697 1224 1771 fuisse
1255 1721 1324 1772 non

200 1837 279 1904 ante
306 1853 336 1904 a.
366 1832 440 1904 430
468 1853 498 1904 a.
529 1831 621 1926 (ihr,
651 1836 823 1905 mortuum
848 1834 968 1924 ntique
995 1856 1062 1907 non
1089 1840 1168 1908 ante
1196 1835 1282 1908 346.
1387 1846 1404 1871 ²

97 1967 163 2063 IV)
198 1969 444 2042 inclinamento
472 1969 563 2061 quod
593 1975 646 2042 est
674 2009 723 2022 —
752 1974 847 2041 aster
876 1990 950 2043 rem
976 1991 1045 2042 non
1071 1970 1234 2064 deminui,
1263 1973 1324 2048 sed

200 2108 301 2180 citius
328 2106 526 2180 carricando
550 2108 647 2198 quasi
671 2107 862 2178 inerescere
890 2106 1099 2199 eandemque
1126 2107 1321 2200 deformari,

199 2263 239 2316 ac
266 2244 295 2316 si
323 2243 404 2335 quid
438 2245 474 2314 in
500 2243 627 2317 talibus
662 2242 786 2339 (ueluti
812 2248 1001 2334 pueraster,
1021 2242 1234 2338 Fuluiaster)
1261 2244 1322 2316 de·

199 2380 424 2472 prehenditur
442 2381 659 2454 similationis
674 2437 682 2474 ,
695 2380 731 2452 id
755 2401 822 2454 non
841 2401 916 2452 esse
941 2379 1084 2473 figurae,
1113 2379 1174 2453 scd
1200 2401 1222 2452 a
1247 2381 1320 2471 pri-

199 2518 328 2591 mitiuo.

114 2652 162 2749 V)
201 2653 320 2727 Vitam
354 2651 464 2726 Getae
496 2674 563 2726 non
596 2652 708 2726 uideri
741 2653 970 2743 conscriptam
1001 2673 1076 2726 esse
1108 2654 1151 2726 ab
1183 2660 1322 2727 auctore

201 2796 392 2864 ceterarum
418 2790 579 2883 uitarum,
608 2809 696 2882 quae
722 2788 896 2880 Spartiani
921 2810 1046 2862 nomen
1072 2789 1281 2880 praeferunt.

96 2928 160 3022 vt)
194 2927 395 3021 Legendum
422 2947 497 3000 esse

141 3145 166 3213 1)
201 3144 285 3212 Spart.
309 3144 388 3197 Hudr.
408 3142 449 3205 17,
467 3143 495 3197 6:
523 3161 573 3195 cum
595 3143 697 3210 quodum
719 3152 820 3208 ternpore
841 3151 975 3193 ueteranum
996 3141 1112 3207 quendam
1133 3153 1210 3195 uotum
1230 3145 1279 3195 eidi
1297 3145 1325 3196 ι’»

204 3231 364 3298 pariete
382 3230 476 3282 dorsuna
488 3267 517 3284 ..
536 3229 636 3282 uidisset
648 3229 763 3292 adterere,
777 3237 939 3295 percontatus,
956 3245 998 3279 cur
1012 3245 1039 3278 ae
1050 3232 1205 3282 marmoruhue
1222 3230 1323 3282 destrin-

198 3314 298 3382 peudum
315 3315 385 3367 daret
396 3355 403 3370 .
414 3356 421 3371 .
433 3345 466 3354 -

135 3401 164 3466 2)
198 3401 233 3452 ib.
252 3401 295 3463 20,
320 3403 365 3456 10:
396 3401 468 3453 ledros
494 3400 573 3451 statim
599 3400 669 3451 lectos
691 3409 715 3451 ct
734 3399 825 3466 iprenses
841 3398 962 3466 pridem
980 3398 1096 3465 plurimos
1116 3400 1246 3450 memoriter
1268 3399 1321 3450 red·

198 3485 259 3537 didit
276 3514 308 3525 -

138 3571 164 3638 3)
200 3572 301 3640 Lampr.
320 3571 448 3626 Commod.
465 3571 483 3623 3
500 3587 541 3626 ex.
558 3578 585 3622 et
602 3572 620 3622 4
636 3570 683 3623 im.-
708 3571 846 3622 inseratur
864 3569 941 3621 odium
958 3570 994 3621 ita
1010 3569 1079 3633 uertit,
1096 3579 1123 3621 ut
1138 3571 1222 3637 αἱμα
1239 3571 1321 3623 crude-

198 3657 252 3709 liter
269 3659 295 3708 iu
315 3659 378 3709 tanti
397 3657 488 3708 ordinis
507 3657 636 3724 perniciem
658 3657 763 3707 saeuiret
775 3657 895 3720 fieretque
913 3669 939 3712 ο
955 3664 1083 3722 contempto
1106 3655 1222 3711 crudelis.
1265 3655 1322 3708 Vita

200 3741 355 3795 Commodi..
374 3771 405 3780 -

136 3828 164 3892 4)
199 3828 233 3882 ib.
253 3829 265 3879 l
285 3845 324 3881 ex.
342 3835 369 3879 et
385 3827 401 3878 2
419 3827 466 3882 ina:
485 3826 571 3878 decimo
588 3835 674 3892 quarto
692 3826 778 3877 aetatis
790 3843 852 3877 auno
870 3826 895 3877 ia
912 3827 1033 3896 callepium
1052 3827 1198 3878 sacerdotnm
1215 3827 1322 3880 adsume

199 3922 241 3974 est,
261 3909 398 3982 [cooptatus
417 3908 467 3981 est]
486 3912 546 3961 iuter
564 3910 679 3962 trossulos
694 3911 806 3976 princepe
823 3912 949 3964 iuuentutis
966 3930 1016 3964 curn
1033 3922 1111 3980 tapam
1127 3912 1228 3978 sumpsit
1244 3941 1278 3952 -

136 3995 163 4063 ὃ)
197 3997 227 4050 L.
245 3997 363 4051 Diadum.
381 3998 406 4059 5,
424 3997 453 4048 h:
483 3996 528 4047 sed
542 3994 671 4047 Macrinus
688 3995 792 4045 timuisse
810 3997 863 4057 el,
884 3996 949 4062 quod
968 3997 1048 4049 nullus
1065 4015 1095 4048 ee
1111 3997 1161 4049 eiua
1177 4014 1262 4063 peuere
1279 3999 1322 4048 doc

200 4083 290 4134 nornine
307 4091 447 4144 censeretur,
465 4082 608 4133 &adnuisse
624 4080 714 4130 nomiae
730 4081 882 4146 imperatorne
901 4109 932 4120 -

138 4164 164 4234 6)
199 4166 232 4221 ib.
251 4169 276 4231 8,
293 4170 322 4219 4:
352 4185 401 4218 cum
414 4207 421 4222 .
434 4205 441 4223 .
454 4166 574 4229 audisset,
597 4174 704 4217 auctores
726 4165 819 4231 quidem
839 4165 974 4231 desectionis
996 4168 1092 4231 occisos,
1114 4167 1320 4224 emmelos

199 4262 288 4329 tamen,
310 4270 407 4319 quorum
430 4252 480 4304 dua
502 4252 630 4303 Armeniae
651 4259 705 4301 erut
725 4260 749 4302 et
768 4251 821 4302 item
844 4251 935 4318 Iapetus
957 4251 1034 4303 Atiae
1055 4262 1127 4318 atque
1147 4252 1269 4326 Arabiae,
1292 4254 1320 4303 od

198 4341 322 4406 antiquam
331 4339 529 4404 familiaritatem
547 4337 657 4389 dimissae
675 4363 708 4374 -
