2872 4852
589 240 861 319 -55-

113 445 142 536 6,
162 445 200 537 8,
217 465 320 519 saera
337 445 514 518 Eleusinia
528 444 586 536 sp.
602 444 708 518 Hedr.
735 446 791 536 13,
817 445 835 515 1
855 442 992 538 (matris
1009 444 1111 516 deum
1128 465 1227 519 saera
1238 447 1328 519 aeci-

110 604 183 674 pere
207 582 248 655 L
275 582 359 675 Hel,
396 582 429 674 t,
461 581 513 673 1),
548 583 680 655 tributa
712 581 750 655 0.
785 583 867 654 Ant.
902 581 941 653 P.
979 582 1012 674 6,
1051 584 1071 654 1
1099 588 1330 677 procreatores

109 719 239 791 redeste
265 742 293 791 s.
323 722 366 791 tr.
395 723 504 810 trusit,
539 719 580 791 cf.
617 718 674 810 Sp.
709 718 816 791 Hadr.
855 719 912 810 13,
944 719 964 792 t
999 719 1046 811 (q.
1075 721 1234 814 exigere,
1269 721 1330 795 sed

110 858 154 933 sie
185 857 292 928 etiam
326 856 483 946 accipere
516 855 574 946 Sp.
609 856 706 928 Pesu.
744 856 777 948 3,
808 856 849 945 83
889 877 976 928 susc.
1011 857 1192 947 pecuniam
1224 859 1329 930 etiam

109 993 205 1085 App,
233 993 353 1085 Dig.);
381 991 423 1065 cf.
452 998 488 1064 et
514 992 571 1083 Sp.
600 992 678 1066 Seu.
709 993 768 1084 24,
800 994 820 1064 1
847 982 965 1088 corpus
993 993 1107 1067 Seueri
1118 1017 1139 1064 ε
1152 992 1327 1067 Britannia

108 1128 239 1201 Remum
265 1151 370 1224 esque
396 1151 467 1200 cern
494 1151 618 1226 mugen
645 1130 899 1223 prouincialium
933 1134 1115 1202 reuerentia
1147 1134 1329 1224 susceptum

107 1270 158 1337 est.
189 1305 244 1320 -
278 1264 559 1360 Superdaeere
591 1288 654 1357 pro
688 1265 862 1339 inducere
887 1267 958 1359 (uel
984 1267 1099 1340 saltim
1124 1269 1328 1360 superindu-

107 1401 214 1498 cere):
244 1401 283 1476 G.
312 1402 395 1474 Ant.
423 1402 485 1474 Ph.
516 1403 576 1495 29,
610 1404 656 1475 10
682 1425 723 1474 ae
749 1406 796 1474 tot
819 1401 932 1474 liberes
957 1404 1186 1498 superduceret
1210 1427 1327 1477 repere·-

106 1563 171 1613 rem
199 1539 305 1635 (Plin.
335 1561 389 1630 ep.
417 1540 477 1631 VI,
508 1540 567 1631 33,
597 1541 617 1611 2
646 1539 699 1610 r'ttr'
722 1561 894 1610 pererrem
921 1540 1125 1634 irrepserat).
1181 1540 1327 1634 Compa-

106 1682 156 1749 ret
181 1675 269 1749 illud
294 1677 439 1749 uerbum
466 1677 559 1749 Text.
589 1675 632 1749 de
658 1676 772 1748 anima
799 1675 846 1747 36
881 1680 1024 1747 enimam
1050 1684 1146 1750 εεεεεε·
1169 1700 1212 1771 s.,
1257 1701 1328 1755 cor.

107 1815 200 1887 milit.
232 1814 276 1885 11
305 1813 362 1904 al,
403 1813 483 1885 dein
510 1835 563 1904 ap.
592 1817 698 1904 postt.
753 1810 804 1885 cf.
846 1833 1027 1903 superesse
1066 1836 1129 1906 pro
1168 1838 1329 1908 praeesse

109 1952 246 2042 Arnob,
265 1955 305 2022 ut
322 1949 383 2043 IV,
404 1951 425 2022 9
453 1949 624 2022 libidinum
641 1970 807 2042 superesse
825 1951 934 2020 tutelis
952 1947 1014 2046 (se.
1035 1951 1117 2024 deos
1135 1953 1327 2048 quosdam).

207 2086 249 2182 Β)
308 2087 536 2180 Composita
570 2107 646 2180 pre
684 2084 957 2179 sr‘rnptieilres.
1023 2088 1100 2161 Hoe
1132 2090 1168 2160 in
1201 2113 1328 2183 genere

118 2224 286 2317 praecipue
314 2243 391 2296 num
417 2224 502 2296 alias
528 2228 603 2293 tum
628 2221 719 2313 apud
745 2227 880 2294 nostros
905 2222 972 2293 ed·
999 2229 1036 2296 et
1061 2225 1135 2317 de,
1162 2228 1253 2318 apud
1269 2248 1326 2301 se-

113 2363 196 2433 teres
226 2362 333 2432 etiam
366 2380 425 2431 re·
459 2359 738 2451 frequentantur,
778 2359 829 2430 ita
860 2363 900 2430 ut
938 2362 992 2432 his
1017 2365 1328 2454 praepositionibus

106 2496 303 2589 plerumque
336 2495 384 2566 nil
417 2496 483 2567 nisi
515 2495 714 2568 intendatur
738 2497 814 2587 ipsa
845 2498 900 2570 uis
933 2499 1043 2573 uerbi.
1097 2498 1214 2575 Verba
1239 2503 1329 2575 hune

105 2632 304 2705 inmodum
330 2635 558 2723 augmentata
584 2633 721 2704 enotaui
747 2633 850 2704 haer:

207 2769 404 2862 Accipere
442 2789 504 2859 pro
538 2789 701 2861 repere,
743 2805 795 2820 -
828 2789 872 2840 ex
903 2773 1002 2860 parte
1036 2772 1174 2863 quidem
1204 2773 1238 2865 1)
1265 2776 1326 2866 ita,

104 2911 149 2998 ut,
177 2907 220 2978 si·
235 2927 373 2978 sensum
399 2904 575 2996 attendas,
608 2904 719 2994 magis
745 2925 808 2995 pro
843 2903 1021 2976 ‘serpere'
1055 2908 1123 2979 dici
1155 2909 1324 3003 uideatur,

103 3051 139 3117 ut
156 3046 317 3137 arripere
334 3045 457 3135 eibum,
477 3047 625 3134 uestem,
643 3043 677 3115 h.
697 3065 730 3135 g.
751 3043 814 3136 al,
838 3063 915 3114 eum
938 3043 1043 3134 uulgo
1061 3065 1196 3116 sumere
1214 3047 1329 3120 eibum

103 3182 219 3273 (etiam
247 3180 305 3272 Sp.
334 3179 430 3252 Pesn.
463 3179 519 3272 10,
550 3178 584 3252 6.
616 3180 672 3271 11,
714 3179 755 3252 L.
789 3178 891 3252 Alex.
929 3179 987 3273 30,
1018 3178 1074 3275 5),
1118 3203 1144 3254 s.
1181 3187 1324 3274 uestem,

102 3339 219 3424 tegam
246 3317 352 3408 rLiu.,
381 3317 457 3390 Val.
485 3314 594 3407 Max,
621 3314 690 3404 all.)
724 3315 792 3388 disi
826 3316 952 3389 soleat:
997 3318 1037 3390 L.
1072 3317 1172 3394 Alex.
1210 3319 1269 3412 61,
1304 3322 1325 3392 2

101 3454 284 3548 prenderet
302 3452 434 3549 publiea
466 3457 616 3527 coerctre'o
643 3452 680 3523 u
702 3455 797 3527 est..
832 3453 902 3527 etto
927 3454 1067 3525 mititare·
1095 3459 1239 3549 arrepto,
1285 3455 1325 3530 G.

105 3589 209 3666 Gord.
248 3592 314 3684 28,
350 3591 371 3664 6
405 3614 478 3663 rem
510 3589 647 3663 sistendi
677 3596 802 3664 sceptris
832 3595 949 3689 grette
975 3591 1129 3686 peractum
1163 3590 1327 3664 irrtereler

105 3735 266 3824 arripere,
309 3729 366 3820 Sp.
395 3728 502 3801 Hadr.
516 3729 599 3822 23,
637 3730 682 3801 16
710 3732 838 3823 arrepto
863 3727 1016 3821 antidoto,
1043 3728 1107 3819 al.;
1147 3728 1198 3800 ita
1235 3728 1324 3801 Plin.

102 3863 163 3957 IX,
192 3865 253 3956 33,
282 3863 330 3937 69
358 3885 477 3958 equum
510 3867 672 3959 arreptum
704 3886 775 3957 ere,
803 3870 839 3938 et
864 3865 950 3956 freq.
978 3869 1095 3957 postt,
1125 3884 1155 3936 e.
1184 3884 1212 3936 ε.
1231 3864 1323 3941 Dirt.

102 4000 145 4094 V,
173 4003 195 4074 5
224 3998 272 4072 r'tr'
295 4004 434 4095 ereptis
459 4002 564 4096 epatis
584 4004 793 4096 pernoctent,
830 3999 923 4074 Geel.
958 4002 1043 4074 Aur.
1077 4000 1122 4093 II,
1149 4000 1209 4093 40,
1238 4002 1323 4094 234,

102 4138 175 4228 all.;
214 4177 256 4190 —
287 4136 344 4228 Sp.
378 4137 485 4210 Hadr.
526 4139 582 4230 10,
620 4137 708 4210 sut
737 4139 857 4207 eastern
889 4134 1106 4208 temtttirrsem
1138 4139 1326 4233 frequenter

102 4272 641 4371 superetnesuperetne
666 4275 815 4367 sumeret,
849 4272 890 4346 L.
918 4273 1018 4346 Alex.
1048 4273 1108 4369 42,
1141 4275 1159 4346 l
1186 4271 1246 4346 tue
1270 4296 1324 4346 so,
