2872 4852
587 236 844 308 ...70....

106 443 173 515 Sed
206 447 389 535 antequam
421 443 464 514 ab
496 443 648 532 ipsorum
680 442 922 516 uocabulorum
955 443 1074 516 formis
1108 444 1253 517 nouellis
1286 443 1329 517 ad

106 577 294 655 declinandi
312 578 439 652 formas
451 600 473 649 a
487 578 732 651 consuetudine
746 581 952 670 scriptorum
977 580 1155 653 deuiantes
1172 585 1328 653 transea-

103 738 188 807 mus,
217 737 322 787 unum
347 735 410 787 nos
437 720 590 787 moratur
615 717 754 789 notione
780 737 862 788 sane
889 716 1041 810 dignum,
1068 717 1111 789 de
1138 739 1204 810 quo
1232 738 1327 790 seor-

104 855 170 925 sim
196 853 325 944 aliquid
351 851 531 925 dicendum
558 874 634 925 esse
660 853 809 926 uidetur.

206 992 242 1062 4.
295 990 510 1063 Ferebantm
535 992 697 1063 nimirum
723 991 759 1061 in
777 1012 840 1062 usu
858 991 1007 1083 linguae,
1034 992 1169 1083 uulgari
1187 993 1327 1082 potissi-

104 1149 206 1215 mum,
232 1126 393 1200 formae
412 1128 579 1218 quaedam
597 1127 840 1201 uocabulorum
866 1128 1213 1221 compendiarias,
1244 1149 1329 1219 quas

104 1270 164 1336 aut
189 1269 364 1354 correptas
396 1264 540 1356 dixeris,
582 1267 622 1335 ut
654 1263 801 1335 electrus
834 1264 880 1353 (.
914 1264 941 1353 I,
975 1264 1015 1354 1)
1050 1286 1092 1336 ex
1128 1266 1331 1338 electrinus

103 1401 170 1491 uel,
198 1401 228 1473 si
246 1402 366 1491 mauis,
388 1400 576 1491 eleotrcus,
607 1405 834 1471 commentum
854 1421 873 1471 e
892 1404 1177 1473 commentarium
1191 1401 1328 1493 (Varro,

104 1536 208 1629 (lic),
243 1541 304 1608 aut
336 1542 542 1627 apocopatas
576 1537 632 1609 uel
666 1536 813 1627 denique
840 1536 1051 1627 decurtatae,
1087 1542 1126 1608 ut
1152 1537 1332 1628 collegae

104 1674 302 1765 collegatus,
331 1695 467 1745 remora
484 1673 621 1763 (Plaut,
651 1673 723 1765 all.)
750 1695 1002 1746 eremoramen
1021 1672 1165 1768 (Ouio),
1194 1675 1333 1765 repulsa

103 1832 166 1901 pro
192 1811 353 1900 repulsio.
410 1810 507 1899 Quod
533 1831 616 1900 prae
643 1813 767 1882 ceteris
793 1813 967 1884 nominum
986 1812 1170 1902 generibus
1195 1812 1231 1882 in
1249 1833 1328 1883 uer-

103 1948 237 2020 balibus
263 1948 307 2019 iis
333 1949 482 2018 maxime
509 1968 596 2038 quae
675 1950 732 2018 lio
758 1947 855 2040 (sio)
883 1948 979 2020 linita
1007 1969 1081 2020 esse
1109 1948 1220 2020 solent
1252 1970 1328 2020 cre·

102 2087 166 2158 bro
192 2086 330 2158 uidetur
355 2108 420 2157 usu
445 2087 590 2176 uenisse,
620 2107 707 2176 quae
733 2086 971 2175 compendiata
996 2086 1032 2156 in
1057 2108 1157 2176 -o,
1186 2087 1222 2156 in
1249 2106 1328 2175 spe-

104 2224 191 2293 ciem
205 2222 277 2293 lere
302 2223 498 2317 farciatur·
520 2224 855 2312 participiorum
872 2222 977 2313 perf.
996 2220 1168 2315 (detensa,
1189 2224 1329 2316 puncta)

103 2358 172 2429 uel
186 2379 426 2448 nonnunquam
446 2356 767 2429 adiectiuorum
781 2357 948 2448 (emenda,
965 2359 1083 2449 proba,
1103 2361 1199 2450 quasi
1214 2381 1234 2430 a
1247 2381 1328 2450 pro·

103 2495 177 2585 bus,
207 2491 384 2587 emendus)
418 2516 519 2584 quam
546 2493 763 2585 frequentata
795 2493 924 2565 luerint
957 2497 991 2565 in
1026 2516 1085 2566 ore
1119 2496 1216 2587 uulgi
1249 2497 1328 2569 inde

104 2631 231 2723 elucet,
285 2631 375 2722 quod
424 2632 586 2722 pleraque
636 2652 698 2721 per
747 2637 860 2703 tantas
910 2633 1103 2704 septumum
1147 2635 1241 2704 uices
1286 2634 1328 2706 ad

103 2769 239 2860 linguas
265 2769 417 2842 nouellas
449 2769 573 2842 Latina
590 2774 700 2841 matre
719 2769 830 2841 editas
848 2774 1136 2859 permanauerunt
1161 2769 1326 2863 (defense,

104 2904 247 2995 diiesa,
271 2911 393 2996 punta,
435 2907 569 2996 pointe;
610 2905 770 2995 amende3
810 2926 938 2994 preuve
978 2903 1072 2996 etc).
1139 2904 1328 2978 Enimuero

103 3040 297 3115 huiusmodi
322 3042 449 3114 formas
476 3063 552 3113 cum
579 3042 613 3133 a)
639 3042 851 3131 antiquiores
877 3043 982 3113 etiam
1015 3043 1202 3132 scriptores
1229 3066 1328 3115 usur-

103 3180 264 3268 pauerint
288 3178 475 3269 nonnullae,
503 3177 619 3268 plures
637 3177 810 3267 aliquanto
837 3178 873 3269 b)
901 3178 990 3267 apud
1009 3181 1217 3250 recentiores
1235 3201 1328 3252 com·

103 3319 227 3405 parent
260 3317 309 3404 (in
341 3314 396 3386 his
429 3313 595 3405 quaedam
628 3314 718 3404 apud
750 3319 885 3408 nostros
912 3318 1076 3407 quoque),
1112 3317 1238 3388 multae
1271 3322 1332 3391 aut

104 3452 136 3543 c)
170 3472 233 3542 per
266 3450 510 3523 mediaeualem
544 3450 680 3558 demum
712 3474 811 3524 usum
843 3453 986 3524 latinum
1020 3454 1238 3526 innotescunt
1271 3461 1331 3527 aut

104 3609 168 3679 per
193 3589 373 3660 modernas
399 3609 501 3660 uoces
527 3588 709 3661 latinianas
734 3594 1046 3680 repraesentantur.
1102 3589 1196 3678 Quae
1221 3592 1332 3664 adhuc

105 3726 223 3798 inueni
237 3724 362 3797 Latina
388 3724 536 3816 subdidi,
566 3726 770 3798 -etiamsi
797 3727 852 3798 cui
878 3726 1038 3798 uideatur
1055 3747 1161 3797 unum
1180 3732 1215 3798 et
1241 3728 1329 3801 alte·

105 3885 182 3936 rum
208 3862 364 3953 subesse,
407 3861 498 3953 quod
537 3862 616 3934 hinc
642 3862 823 3935 diffindere
849 3864 973 3953 possit,
1012 3865 1096 3934 satis
1128 3869 1244 3937 tamen
1272 3888 1329 3937 su·

105 4021 244 4093 peresse
269 4003 375 4092 ratus,
404 4021 471 4092 quo
497 4000 601 4073 hocce
627 4000 758 4093 figurae
777 4021 885 4093 genus
902 4000 1104 4071 rusticulum
1126 4003 1328 4076 illustretur.

105 4139 226 4229 Itaque
252 4135 392 4231 sunta)
420 4139 667 4229 antiquiorum,
696 4139 770 4210 siue
784 4139 898 4228 prisca
923 4137 997 4207 siue
1024 4159 1087 4210 usu
1111 4145 1328 4232 perpetuata,

106 4280 303 4369 impenso,
350 4317 394 4329 —
445 4278 599 4348 intrito
637 4273 902 4372 (intrimentum)
943 4273 1050 4369 cels,
1087 4277 1176 4353 Plin.
1216 4282 1261 4367 (e.
1298 4299 1327 4351 u
